timestamp,side,angle_deg,p50,p95,risk,stroke_count,phase
1759092504.004747,unknown,nan,nan,nan,OK,0,Warmup
1759092504.152638,unknown,nan,nan,nan,OK,0,Warmup
1759092504.4086452,unknown,nan,nan,nan,OK,0,Warmup
1759092504.488408,unknown,nan,nan,nan,OK,0,Warmup
1759092504.555445,unknown,nan,nan,nan,OK,0,Warmup
1759092504.5875351,unknown,nan,nan,nan,OK,0,Warmup
1759092504.620762,unknown,nan,nan,nan,OK,0,Warmup
1759092504.653696,unknown,nan,nan,nan,OK,0,Warmup
1759092504.687731,unknown,nan,nan,nan,OK,0,Warmup
1759092504.721075,unknown,nan,nan,nan,OK,0,Warmup
1759092504.849785,unknown,nan,nan,nan,OK,0,Warmup
1759092504.8910022,unknown,nan,nan,nan,OK,0,Warmup
1759092504.922448,unknown,nan,nan,nan,OK,0,Warmup
1759092504.9578822,unknown,nan,nan,nan,OK,0,Warmup
1759092504.987187,unknown,nan,nan,nan,OK,0,Warmup
1759092505.020554,unknown,nan,nan,nan,OK,0,Warmup
1759092505.054187,unknown,nan,nan,nan,OK,0,Warmup
1759092505.087119,unknown,nan,nan,nan,OK,0,Warmup
1759092505.120608,unknown,nan,nan,nan,OK,0,Warmup
1759092505.1541262,unknown,nan,nan,nan,OK,0,Warmup
1759092505.187146,unknown,nan,nan,nan,OK,0,Warmup
1759092505.220547,unknown,nan,nan,nan,OK,0,Warmup
1759092505.2540622,unknown,nan,nan,nan,OK,0,Warmup
1759092505.287478,unknown,nan,nan,nan,OK,0,Warmup
1759092505.320649,unknown,nan,nan,nan,OK,0,Warmup
1759092505.353746,unknown,nan,nan,nan,OK,0,Warmup
1759092505.387414,unknown,nan,nan,nan,OK,0,Warmup
1759092505.432296,unknown,nan,nan,nan,OK,0,Warmup
1759092505.4893298,unknown,nan,nan,nan,OK,0,Warmup
1759092505.521651,unknown,nan,nan,nan,OK,0,Warmup
1759092505.5547361,unknown,nan,nan,nan,OK,0,Warmup
1759092505.587604,unknown,nan,nan,nan,OK,0,Warmup
1759092505.6210098,unknown,nan,nan,nan,OK,0,Warmup
1759092505.654212,unknown,nan,nan,nan,OK,0,Warmup
1759092505.687351,unknown,nan,nan,nan,OK,0,Warmup
1759092505.724386,unknown,nan,nan,nan,OK,0,Warmup
1759092505.7540648,unknown,nan,nan,nan,OK,0,Warmup
1759092505.7878091,unknown,nan,nan,nan,OK,0,Warmup
1759092505.820339,unknown,nan,nan,nan,OK,0,Warmup
1759092505.853842,unknown,nan,nan,nan,OK,0,Warmup
1759092505.8877382,unknown,nan,nan,nan,OK,0,Warmup
1759092505.9214249,unknown,nan,nan,nan,OK,0,Warmup
1759092505.9541051,unknown,nan,nan,nan,OK,0,Warmup
1759092505.988229,unknown,nan,nan,nan,OK,0,Warmup
1759092506.0209222,unknown,nan,nan,nan,OK,0,Warmup
1759092506.054393,unknown,nan,nan,nan,OK,0,Warmup
1759092506.087312,unknown,nan,nan,nan,OK,0,Warmup
1759092506.1208599,unknown,nan,nan,nan,OK,0,Warmup
1759092506.1539772,unknown,nan,nan,nan,OK,0,Warmup
1759092506.187639,unknown,nan,nan,nan,OK,0,Warmup
1759092506.220978,unknown,nan,nan,nan,OK,0,Warmup
1759092506.254061,unknown,nan,nan,nan,OK,0,Warmup
1759092506.2875252,unknown,nan,nan,nan,OK,0,Warmup
1759092506.321082,unknown,nan,nan,nan,OK,0,Warmup
1759092506.3538518,unknown,nan,nan,nan,OK,0,Warmup
1759092506.386796,unknown,nan,nan,nan,OK,0,Warmup
1759092506.4206889,unknown,nan,nan,nan,OK,0,Warmup
1759092506.484891,unknown,nan,nan,nan,OK,0,Warmup
1759092506.522288,unknown,nan,nan,nan,OK,0,Warmup
1759092506.5559008,unknown,nan,nan,nan,OK,0,Warmup
1759092506.5887098,unknown,nan,nan,nan,OK,0,Warmup
1759092506.619864,unknown,nan,nan,nan,OK,0,Warmup
1759092506.6534479,unknown,nan,nan,nan,OK,0,Warmup
1759092506.6870642,unknown,nan,nan,nan,OK,0,Warmup
1759092506.720856,unknown,nan,nan,nan,OK,0,Warmup
1759092506.754352,unknown,nan,nan,nan,OK,0,Warmup
1759092506.787756,unknown,nan,nan,nan,OK,0,Warmup
1759092506.820831,unknown,nan,nan,nan,OK,0,Warmup
1759092506.854433,unknown,nan,nan,nan,OK,0,Warmup
1759092506.888194,unknown,nan,nan,nan,OK,0,Warmup
1759092506.921225,unknown,nan,nan,nan,OK,0,Warmup
1759092506.954602,unknown,nan,nan,nan,OK,0,Warmup
1759092506.9882,unknown,nan,nan,nan,OK,0,Warmup
1759092507.021318,unknown,nan,nan,nan,OK,0,Warmup
1759092507.0539038,unknown,nan,nan,nan,OK,0,Warmup
1759092507.088117,unknown,nan,nan,nan,OK,0,Warmup
1759092507.121151,unknown,nan,nan,nan,OK,0,Warmup
1759092507.154505,unknown,nan,nan,nan,OK,0,Warmup
1759092507.188231,unknown,nan,nan,nan,OK,0,Warmup
1759092507.2215402,unknown,nan,nan,nan,OK,0,Warmup
1759092507.254591,unknown,nan,nan,nan,OK,0,Warmup
1759092507.287761,unknown,nan,nan,nan,OK,0,Warmup
1759092507.320946,unknown,nan,nan,nan,OK,0,Warmup
1759092507.354762,unknown,nan,nan,nan,OK,0,Warmup
1759092507.388125,unknown,nan,nan,nan,OK,0,Warmup
1759092507.421291,unknown,nan,nan,nan,OK,0,Warmup
1759092507.4543722,unknown,nan,nan,nan,OK,0,Warmup
1759092507.4876359,unknown,nan,nan,nan,OK,0,Warmup
1759092507.53187,unknown,nan,nan,nan,OK,0,Warmup
1759092507.5898392,unknown,nan,nan,nan,OK,0,Warmup
1759092507.62228,unknown,nan,nan,nan,OK,0,Warmup
1759092507.655469,unknown,nan,nan,nan,OK,0,Warmup
1759092507.688714,unknown,nan,nan,nan,OK,0,Warmup
1759092507.721605,unknown,nan,nan,nan,OK,0,Warmup
1759092507.755001,unknown,nan,nan,nan,OK,0,Warmup
1759092507.7882812,unknown,nan,nan,nan,OK,0,Warmup
1759092507.821245,unknown,nan,nan,nan,OK,0,Warmup
1759092507.854152,unknown,nan,nan,nan,OK,0,Warmup
1759092507.888052,unknown,nan,nan,nan,OK,0,Warmup
1759092507.949836,unknown,nan,nan,nan,OK,0,Warmup
1759092507.98735,unknown,nan,nan,nan,OK,0,Warmup
1759092508.021065,unknown,nan,nan,nan,OK,0,Warmup
1759092508.053747,unknown,nan,nan,nan,OK,0,Warmup
1759092508.087522,unknown,nan,nan,nan,OK,0,Warmup
1759092508.120543,unknown,nan,nan,nan,OK,0,Warmup
1759092508.153376,unknown,nan,nan,nan,OK,0,Warmup
1759092508.187156,unknown,nan,nan,nan,OK,0,Warmup
1759092508.22081,unknown,nan,nan,nan,OK,0,Warmup
1759092508.273134,left,158.5524444580078,158.5524444580078,158.5524444580078,Overextension risk,0,Warmup
1759092508.32687,unknown,nan,158.5524444580078,158.5524444580078,Overextension risk,0,Warmup
1759092508.369177,left,170.81680297851562,164.68462371826172,170.20358505249024,Overextension risk,0,Warmup
1759092508.426958,unknown,nan,164.68462371826172,170.20358505249024,Overextension risk,0,Warmup
1759092508.4682722,unknown,nan,164.68462371826172,170.20358505249024,Overextension risk,0,Warmup
1759092508.5364301,left,160.31890869140625,160.31890869140625,169.7670135498047,Overextension risk,0,Warmup
1759092508.586665,left,155.02174377441406,159.43567657470703,169.24211883544922,Overextension risk,0,Warmup
1759092508.626765,unknown,nan,159.43567657470703,169.24211883544922,Overextension risk,0,Warmup
1759092508.66889,left,163.16273498535156,160.31890869140625,169.2859893798828,Overextension risk,0,Warmup
1759092508.7272398,left,166.62310791015625,161.7408218383789,169.76837921142578,Overextension risk,0,Warmup
1759092508.7585769,left,160.38510131835938,160.38510131835938,169.5586944580078,Overextension risk,0,Warmup
1759092508.791893,left,158.54306030273438,160.3520050048828,169.34900970458983,Overextension risk,0,Warmup
1759092508.8252008,left,159.8980255126953,160.31890869140625,169.1393249511719,Overextension risk,0,Warmup
1759092508.89205,left,161.95053100585938,160.3520050048828,168.9296401977539,Overextension risk,0,Warmup
1759092508.9251142,left,159.8235626220703,160.31890869140625,168.71995544433594,Overextension risk,0,Warmup
1759092508.958584,left,153.31468200683594,160.10846710205078,168.51027069091796,Overextension risk,0,Warmup
1759092508.991912,left,155.3113555908203,159.8980255126953,168.3005859375,Overextension risk,0,Warmup
1759092509.025176,left,165.73403930664062,160.10846710205078,168.09090118408204,Overextension risk,0,Warmup
1759092509.091766,left,165.91629028320312,160.31890869140625,167.88121643066407,Overextension risk,0,Warmup
1759092509.125037,left,167.7063751220703,160.3520050048828,168.48398208618164,Overextension risk,0,Warmup
1759092509.1577868,left,167.8642578125,160.38510131835938,168.45476684570312,Overextension risk,0,Warmup
1759092509.1916642,left,169.70477294921875,161.16781616210938,169.87157745361327,Overextension risk,0,Warmup
1759092509.226026,left,170.39797973632812,161.95053100585938,170.4398620605469,Overextension risk,0,Warmup
1759092509.258542,left,171.80044555664062,162.55663299560547,170.86598510742186,Overextension risk,0,Warmup
1759092509.291452,left,171.96961975097656,163.16273498535156,171.80044555664062,Overextension risk,0,Warmup
1759092509.32513,left,172.8025665283203,164.4483871459961,171.96116104125977,Overextension risk,0,Warmup
1759092509.374929,left,164.3011016845703,164.3011016845703,171.95270233154298,Overextension risk,0,Warmup
1759092509.4083872,left,167.5979461669922,165.01757049560547,171.94424362182616,Overextension risk,0,Warmup
1759092509.4420328,left,162.98545837402344,164.3011016845703,171.93578491210937,Overextension risk,0,Warmup
1759092509.475023,left,149.65545654296875,163.73191833496094,171.92732620239258,Overextension risk,0,Warmup
1759092509.5087302,left,134.67242431640625,163.16273498535156,171.9188674926758,Overextension risk,0,Warmup
1759092509.541556,left,150.1265869140625,163.0740966796875,171.910408782959,Overextension risk,0,Warmup
1759092509.5749388,left,160.2548065185547,162.98545837402344,171.90195007324218,Overextension risk,0,Warmup
1759092509.631928,left,150.93820190429688,162.4679946899414,171.89349136352538,Overextension risk,0,Warmup
1759092509.674937,left,159.92642211914062,161.95053100585938,171.8850326538086,Overextension risk,0,Warmup
1759092509.708079,left,153.1349639892578,161.16781616210938,171.8765739440918,Overextension risk,0,Warmup
1759092509.741769,left,163.65818786621094,161.95053100585938,171.868115234375,Overextension risk,0,Warmup
1759092509.7757618,left,165.49049377441406,162.4679946899414,171.8596565246582,Overextension risk,0,Warmup
1759092509.8248131,right,170.8223876953125,162.98545837402344,171.8511978149414,Overextension risk,0,Warmup
1759092509.8579998,right,169.05113220214844,163.0740966796875,171.8427391052246,Overextension risk,0,Warmup
1759092509.891953,right,170.42591857910156,163.16273498535156,171.83428039550782,Overextension risk,0,Warmup
1759092509.9259672,right,171.78445434570312,163.41046142578125,171.82582168579103,Overextension risk,0,Warmup
1759092509.958603,left,168.32235717773438,163.65818786621094,171.8173629760742,Overextension risk,0,Warmup
1759092509.991889,left,166.6221466064453,163.97964477539062,171.80890426635742,Overextension risk,0,Warmup
1759092510.025665,left,164.07044982910156,164.07044982910156,171.80044555664062,Overextension risk,0,Warmup
1759092510.058721,left,164.39816284179688,164.18577575683594,171.79964599609374,Overextension risk,0,Warmup
1759092510.091836,left,156.40467834472656,164.07044982910156,171.79884643554686,Overextension risk,0,Warmup
1759092510.125754,right,163.26332092285156,163.86431884765625,171.798046875,Overextension risk,0,Warmup
1759092510.175089,right,147.5658416748047,163.65818786621094,171.79724731445313,Overextension risk,0,Warmup
1759092510.208645,right,143.45480346679688,163.46075439453125,171.79644775390625,Overextension risk,0,Warmup
1759092510.242971,right,138.4927215576172,163.26332092285156,171.79564819335937,Overextension risk,0,Warmup
1759092510.275319,right,127.86054992675781,163.21302795410156,171.7948486328125,Overextension risk,0,Warmup
1759092510.697738,right,99.01310729980469,163.16273498535156,171.79404907226564,Overextension risk,1,Warmup
1759092510.742313,right,135.48301696777344,163.0740966796875,171.79324951171876,Overextension risk,1,Warmup
1759092510.775618,right,127.19256591796875,162.98545837402344,171.79244995117188,Overextension risk,1,Warmup
1759092510.809071,right,138.53775024414062,162.4679946899414,171.791650390625,Overextension risk,1,Warmup
1759092510.8433359,right,158.5844268798828,161.95053100585938,171.7908508300781,Overextension risk,1,Warmup
1759092510.8795252,right,161.54248046875,161.7465057373047,171.79005126953126,Overextension risk,1,Warmup
1759092510.945993,right,156.02420043945312,161.54248046875,171.78925170898438,Overextension risk,1,Warmup
1759092511.014337,right,155.77444458007812,160.9637908935547,171.7884521484375,Overextension risk,1,Warmup
1759092511.080708,right,162.3077392578125,161.54248046875,171.78765258789062,Overextension risk,1,Warmup
1759092511.147438,right,168.15939331054688,161.7465057373047,171.78685302734374,Overextension risk,1,Warmup
1759092511.214474,right,169.82974243164062,161.95053100585938,171.7860534667969,Overextension risk,1,Warmup
1759092511.281281,right,165.9588165283203,162.12913513183594,171.78525390625,Overextension risk,1,Warmup
1759092511.347478,right,170.68478393554688,162.3077392578125,171.78445434570312,Overextension risk,1,Warmup
1759092511.414731,right,168.13902282714844,162.64659881591797,171.7363510131836,Overextension risk,1,Warmup
1759092511.479615,right,168.358154296875,162.98545837402344,171.68824768066406,Overextension risk,1,Warmup
1759092511.549171,right,166.61436462402344,163.0740966796875,171.64014434814453,Overextension risk,1,Warmup
1759092511.613266,right,164.47569274902344,163.16273498535156,171.592041015625,Overextension risk,1,Warmup
1759092511.6786501,right,158.36927795410156,163.0740966796875,171.54393768310547,Overextension risk,1,Warmup
1759092511.746164,right,161.50428771972656,162.98545837402344,171.49583435058594,Overextension risk,1,Warmup
1759092511.814573,right,162.51156616210938,162.7485122680664,171.4477310180664,Overextension risk,1,Warmup
1759092511.8822222,right,155.05258178710938,162.51156616210938,171.39962768554688,Overextension risk,1,Warmup
1759092511.946031,right,150.80111694335938,162.40965270996094,171.35152435302734,Overextension risk,1,Warmup
1759092512.012397,right,155.4788055419922,162.3077392578125,171.3034210205078,Overextension risk,1,Warmup
1759092512.079784,right,155.9689178466797,162.12913513183594,171.25531768798828,Overextension risk,1,Warmup
1759092512.1479502,right,156.52378845214844,161.95053100585938,171.20721435546875,Overextension risk,1,Warmup
1759092512.2177742,right,153.56655883789062,161.7465057373047,171.15911102294922,Overextension risk,1,Warmup
1759092512.279254,right,154.353271484375,161.54248046875,171.1110076904297,Overextension risk,1,Warmup
1759092512.346046,right,150.36038208007812,161.52338409423828,171.06290435791016,Overextension risk,1,Warmup
1759092512.4139872,right,153.18394470214844,161.50428771972656,171.01480102539062,Overextension risk,1,Warmup
1759092512.480427,right,155.59368896484375,160.94469451904297,170.9666976928711,Overextension risk,1,Warmup
1759092512.5469,right,159.7058563232422,160.38510131835938,170.91859436035156,Overextension risk,1,Warmup
1759092512.6129851,right,161.5507354736328,160.94469451904297,170.87049102783203,Overextension risk,1,Warmup
1759092512.677999,right,163.55393981933594,161.50428771972656,170.8223876953125,Overextension risk,1,Warmup
1759092512.760416,right,168.1643524169922,161.52338409423828,170.82210845947264,Overextension risk,1,Warmup
1759092512.807859,right,169.24476623535156,161.54248046875,170.82182922363282,Overextension risk,1,Warmup
1759092512.8736372,right,168.14295959472656,161.5466079711914,170.82154998779296,Overextension risk,1,Warmup
1759092512.942701,right,168.6044158935547,161.5507354736328,170.82127075195314,Overextension risk,1,Warmup
1759092513.009557,right,168.27626037597656,161.7506332397461,170.82099151611328,Overextension risk,1,Warmup
1759092513.0709178,right,167.45518493652344,161.95053100585938,170.82071228027343,Overextension risk,1,Warmup
1759092513.1381152,right,166.4527587890625,162.12913513183594,170.8204330444336,Overextension risk,1,Warmup
1759092513.20493,right,167.2576904296875,162.3077392578125,170.82015380859374,Overextension risk,1,Warmup
1759092513.239685,right,167.565673828125,162.40965270996094,170.81987457275392,Overextension risk,1,Warmup
1759092513.303318,right,167.53346252441406,162.51156616210938,170.81959533691406,Overextension risk,1,Warmup
1759092513.336682,right,166.71043395996094,162.7485122680664,170.8193161010742,Overextension risk,1,Warmup
1759092513.368902,right,166.54518127441406,162.98545837402344,170.81903686523438,Overextension risk,1,Warmup
1759092513.401577,right,166.4197235107422,163.0740966796875,170.81875762939453,Overextension risk,1,Warmup
1759092513.4343,right,166.32777404785156,163.16273498535156,170.8184783935547,Overextension risk,1,Warmup
1759092513.4671528,right,166.3709716796875,163.21302795410156,170.81819915771484,Overextension risk,1,Warmup
1759092513.499525,right,166.34356689453125,163.26332092285156,170.817919921875,Overextension risk,1,Warmup
1759092513.570126,right,166.37860107421875,163.40863037109375,170.81764068603516,Overextension risk,1,Main
1759092513.604396,right,166.25929260253906,163.55393981933594,170.8173614501953,Overextension risk,1,Main
1759092513.637492,right,166.24517822265625,163.60606384277344,170.81708221435548,Overextension risk,1,Main
1759092513.669064,right,165.77883911132812,163.65818786621094,170.81680297851562,Overextension risk,1,Main
1759092513.70477,right,165.22689819335938,163.86431884765625,170.8102020263672,Overextension risk,1,Main
1759092513.73888,right,166.06715393066406,164.07044982910156,170.80360107421876,Overextension risk,1,Main
1759092513.774154,right,166.5354766845703,164.18577575683594,170.7970001220703,Overextension risk,1,Main
1759092513.8056839,right,167.2327880859375,164.3011016845703,170.79039916992187,Overextension risk,1,Main
1759092513.837641,right,167.7366943359375,164.3496322631836,170.78379821777344,Overextension risk,1,Main
1759092513.8742359,right,168.46107482910156,164.39816284179688,170.777197265625,Overextension risk,1,Main
1759092513.9049642,right,168.501953125,164.43692779541016,170.77059631347657,Overextension risk,1,Main
1759092513.943305,right,168.55874633789062,164.47569274902344,170.7639953613281,Overextension risk,1,Main
1759092513.9746828,right,168.98196411132812,164.8512954711914,170.75739440917968,Overextension risk,1,Main
1759092514.0412931,right,168.87896728515625,165.22689819335938,170.75079345703125,Overextension risk,1,Main
1759092514.075788,right,168.7005615234375,165.35869598388672,170.74419250488282,Overextension risk,1,Main
1759092514.144871,right,166.76153564453125,165.49049377441406,170.7375915527344,Overextension risk,1,Main
1759092514.211079,right,165.87184143066406,165.61226654052734,170.73099060058593,Overextension risk,1,Main
1759092514.271625,right,166.06948852539062,165.73403930664062,170.7243896484375,Overextension risk,1,Main
1759092514.304829,right,166.45057678222656,165.75643920898438,170.71778869628906,Overextension risk,1,Main
1759092514.338609,right,166.59423828125,165.77883911132812,170.71118774414063,Overextension risk,1,Main
1759092514.373897,right,166.52056884765625,165.8253402709961,170.7045867919922,Overextension risk,1,Main
1759092514.41042,right,166.54225158691406,165.87184143066406,170.69798583984374,Overextension risk,1,Main
1759092514.4749591,right,167.11697387695312,165.8940658569336,170.6913848876953,Overextension risk,1,Main
1759092514.540568,right,167.53451538085938,165.91629028320312,170.68478393554688,Overextension risk,1,Main
1759092514.574219,right,167.61424255371094,165.93755340576172,170.6718406677246,Overextension risk,1,Main
1759092514.6081111,right,167.70436096191406,165.9588165283203,170.65889739990234,Overextension risk,1,Main
1759092514.641473,right,167.9395294189453,166.0129852294922,170.64595413208008,Overextension risk,1,Main
1759092514.6745842,right,168.30828857421875,166.06715393066406,170.6330108642578,Overextension risk,1,Main
1759092514.707499,right,168.53036499023438,166.06832122802734,170.62006759643555,Overextension risk,1,Main
1759092514.740644,right,168.85548400878906,166.06948852539062,170.60712432861328,Overextension risk,1,Main
1759092514.773443,right,169.1862030029297,166.15733337402344,170.59418106079102,Overextension risk,1,Main
1759092514.805154,right,169.4785919189453,166.24517822265625,170.58123779296875,Overextension risk,1,Main
1759092514.841244,right,169.91549682617188,166.25223541259766,170.56829452514648,Overextension risk,1,Main
1759092514.8756711,right,170.05328369140625,166.25929260253906,170.55535125732422,Overextension risk,1,Main
1759092514.906235,right,170.29953002929688,166.2935333251953,170.54240798950195,Overextension risk,1,Main
1759092514.940876,right,170.64158630371094,166.32777404785156,170.65886535644532,Overextension risk,1,Main
1759092515.008358,right,170.8107147216797,166.3356704711914,170.72885971069337,Overextension risk,1,Main
1759092515.076902,right,171.39334106445312,166.34356689453125,170.81254119873046,Overextension risk,1,Main
1759092515.14489,right,172.06663513183594,166.35726928710938,170.81819915771484,Overextension risk,1,Main
1759092515.214078,right,172.6684112548828,166.3709716796875,170.93657836914062,Overextension risk,1,Main
1759092515.27857,right,172.9890594482422,166.37478637695312,171.45200805664064,Overextension risk,1,Main
1759092515.3430169,right,173.0270538330078,166.37860107421875,171.7860534667969,Overextension risk,1,Main
1759092515.413332,right,172.70590209960938,166.39916229248047,171.80890426635742,Overextension risk,1,Main
1759092515.47787,right,172.4668731689453,166.4197235107422,171.96961975097656,Overextension risk,1,Main
1759092515.581408,right,171.91110229492188,166.43515014648438,171.96669387817383,Overextension risk,1,Main
1759092515.6477802,right,171.00086975097656,166.45057678222656,171.9637680053711,Overextension risk,1,Main
1759092515.713702,right,170.6953887939453,166.45166778564453,171.96084213256836,Overextension risk,1,Main
1759092515.779268,right,170.49595642089844,166.4527587890625,171.95791625976562,Overextension risk,1,Main
1759092515.846478,right,168.26304626464844,166.48666381835938,171.9549903869629,Overextension risk,1,Main
1759092515.912821,right,168.6742401123047,166.52056884765625,171.95206451416016,Overextension risk,1,Main
1759092515.977847,right,169.31126403808594,166.52802276611328,171.94913864135742,Overextension risk,1,Main
1759092516.046023,right,167.6533966064453,166.5354766845703,171.9462127685547,Overextension risk,1,Main
1759092516.110382,right,167.3768310546875,166.5388641357422,171.94328689575195,Overextension risk,1,Main
1759092516.144829,right,169.02684020996094,166.54225158691406,171.94036102294922,Overextension risk,1,Main
1759092516.2134762,right,168.9451446533203,166.54371643066406,171.93743515014648,Overextension risk,1,Main
1759092516.279485,right,169.40219116210938,166.54518127441406,171.93450927734375,Overextension risk,1,Main
1759092516.341034,right,168.41189575195312,166.56970977783203,171.93158340454102,Overextension risk,1,Main
1759092516.3776808,right,167.42079162597656,166.59423828125,171.92865753173828,Overextension risk,1,Main
1759092516.4095109,right,166.26309204101562,166.56970977783203,171.92573165893555,Overextension risk,1,Main
1759092516.477827,right,167.18472290039062,166.59423828125,171.9228057861328,Overextension risk,1,Main
1759092516.548864,right,169.50567626953125,166.60430145263672,171.91987991333008,Overextension risk,1,Main
1759092516.6108842,right,169.69468688964844,166.61436462402344,171.91695404052734,Overextension risk,1,Main
1759092516.644958,right,171.47023010253906,166.61825561523438,171.9140281677246,Overextension risk,1,Main
1759092516.712755,right,171.57559204101562,166.6221466064453,171.91110229492188,Overextension risk,1,Main
1759092516.779895,right,170.38690185546875,166.62262725830078,171.90556945800782,Overextension risk,1,Main
1759092516.8462012,right,166.11715698242188,166.6221466064453,171.90003662109376,Overextension risk,1,Main
1759092516.913229,right,162.93629455566406,166.61825561523438,171.89450378417968,Overextension risk,1,Main
1759092516.97956,right,155.91647338867188,166.61436462402344,171.88897094726562,Overextension risk,1,Main
1759092517.04707,right,158.01776123046875,166.60430145263672,171.88343811035156,Overextension risk,1,Main
1759092517.110512,right,144.63929748535156,166.59423828125,171.8779052734375,Overextension risk,1,Main
1759092517.179046,right,146.9845428466797,166.56970977783203,171.87237243652345,Overextension risk,1,Main
1759092517.2441862,right,150.19830322265625,166.54518127441406,171.86683959960936,Overextension risk,1,Main
1759092517.3093178,right,149.84719848632812,166.54371643066406,171.8613067626953,Overextension risk,1,Main
1759092517.382884,right,148.8917999267578,166.54225158691406,171.85577392578125,Overextension risk,1,Main
1759092517.445417,right,147.9339599609375,166.5388641357422,171.8502410888672,Overextension risk,1,Main
1759092517.512346,right,145.4013671875,166.5354766845703,171.84470825195314,Overextension risk,1,Main
1759092517.577017,right,144.0749969482422,166.52802276611328,171.83917541503905,Overextension risk,1,Main
1759092517.642723,right,141.46206665039062,166.52056884765625,171.833642578125,Overextension risk,1,Main
1759092517.7123451,right,139.99818420410156,166.48666381835938,171.82810974121094,Overextension risk,1,Main
1759092517.7768278,right,138.2877655029297,166.4527587890625,171.82257690429688,Overextension risk,1,Main
1759092517.8423738,right,137.4559326171875,166.45166778564453,171.81704406738282,Overextension risk,1,Main
1759092517.912443,right,140.92420959472656,166.45057678222656,171.81151123046874,Overextension risk,1,Main
1759092517.979172,right,142.81396484375,166.43515014648438,171.80597839355468,Overextension risk,1,Main
1759092518.0458062,right,142.73146057128906,166.4197235107422,171.80044555664062,Overextension risk,1,Main
1759092518.112519,right,145.3055419921875,166.39916229248047,171.79964599609374,Overextension risk,1,Main
1759092518.17942,left,147.53622436523438,166.37860107421875,171.79884643554686,Overextension risk,1,Main
1759092518.241805,left,147.2613525390625,166.37478637695312,171.798046875,Overextension risk,1,Main
1759092518.276766,left,152.30308532714844,166.3709716796875,171.79724731445313,Overextension risk,1,Main
1759092518.340136,left,153.54022216796875,166.35726928710938,171.79644775390625,Overextension risk,1,Main
1759092518.375809,left,152.7333984375,166.34356689453125,171.79564819335937,Overextension risk,1,Main
1759092518.4084742,left,151.57618713378906,166.3356704711914,171.7948486328125,Overextension risk,1,Main
1759092518.440855,left,143.99484252929688,166.32777404785156,171.79404907226564,Overextension risk,1,Main
1759092518.475441,left,140.23162841796875,166.2954330444336,171.79324951171876,Overextension risk,1,Main
1759092518.5712829,left,140.9709930419922,166.26309204101562,171.79244995117188,Overextension risk,1,Main
1759092518.608299,left,134.23703002929688,166.26119232177734,171.791650390625,Overextension risk,1,Main
1759092518.640553,left,119.78301239013672,166.25929260253906,171.7908508300781,Overextension risk,1,Main
1759092518.67429,right,132.19407653808594,166.25223541259766,171.79005126953126,Overextension risk,1,Main
1759092518.7074502,right,123.73368072509766,166.24517822265625,171.78925170898438,Overextension risk,1,Main
1759092518.739315,right,122.62374877929688,166.18116760253906,171.7884521484375,Overextension risk,1,Main
1759092518.773058,right,123.13519287109375,166.11715698242188,171.78765258789062,Overextension risk,1,Main
1759092518.806143,right,126.25243377685547,166.09332275390625,171.78685302734374,Overextension risk,1,Main
1759092518.839372,right,123.77450561523438,166.06948852539062,171.7860534667969,Overextension risk,1,Main
1759092518.873815,right,112.83200073242188,166.06832122802734,171.78525390625,Overextension risk,1,Main
1759092518.905922,right,108.9151840209961,166.06715393066406,171.78445434570312,Overextension risk,1,Main
1759092518.939423,right,105.39502716064453,166.0129852294922,171.77401123046874,Overextension risk,1,Main
1759092518.97365,right,106.7619857788086,165.9588165283203,171.76356811523436,Overextension risk,1,Main
1759092519.0086951,right,104.20523834228516,165.93755340576172,171.753125,Overextension risk,1,Main
1759092519.0409331,right,98.24711608886719,165.91629028320312,171.74268188476563,Overextension risk,2,Main
1759092519.072959,right,93.55907440185547,165.8940658569336,171.73223876953125,Overextension risk,2,Main
1759092519.108651,right,91.83908081054688,165.87184143066406,171.72179565429687,Overextension risk,2,Main
1759092519.1771772,right,83.43900299072266,165.8253402709961,171.7113525390625,Overextension risk,2,Main
1759092519.244863,right,72.35206604003906,165.77883911132812,171.70090942382814,Overextension risk,2,Main
1759092519.312911,right,69.6565933227539,165.75643920898438,171.69046630859376,Overextension risk,2,Main
1759092519.376965,right,60.82439422607422,165.73403930664062,171.68002319335938,Overextension risk,2,Main
1759092519.444064,right,38.4826774597168,165.61226654052734,171.669580078125,Overextension risk,2,Main
1759092519.5742002,right,62.35517883300781,165.49049377441406,171.6591369628906,Overextension risk,2,Main
1759092519.608151,right,62.42559051513672,165.35869598388672,171.64869384765626,Overextension risk,2,Main
1759092519.6776729,right,54.52080154418945,165.22689819335938,171.63825073242188,Overextension risk,2,Main
1759092519.745127,right,56.389869689941406,164.8512954711914,171.6278076171875,Overextension risk,2,Main
1759092519.8116832,right,55.36064529418945,164.47569274902344,171.61736450195312,Overextension risk,2,Main
1759092519.878944,left,123.32585906982422,164.43692779541016,171.60692138671874,Overextension risk,2,Main
1759092519.942668,left,125.09684753417969,164.39816284179688,171.5964782714844,Overextension risk,2,Main
1759092519.976518,left,131.676025390625,164.3496322631836,171.58603515625,Overextension risk,2,Main
1759092520.0435069,left,129.70529174804688,164.3011016845703,171.57559204101562,Overextension risk,2,Main
1759092520.078311,left,136.37857055664062,164.18577575683594,171.5703239440918,Overextension risk,2,Main
1759092520.1432471,left,139.86631774902344,164.07044982910156,171.56505584716797,Overextension risk,2,Main
1759092520.1767712,left,147.09185791015625,163.86431884765625,171.55978775024414,Overextension risk,2,Main
1759092520.2169669,left,147.8887481689453,163.65818786621094,171.5545196533203,Overextension risk,2,Main
1759092520.2797499,left,149.4568328857422,163.60606384277344,171.54925155639648,Overextension risk,2,Main
1759092520.345943,left,150.6171417236328,163.55393981933594,171.54398345947266,Overextension risk,2,Main
1759092520.381027,left,147.61158752441406,163.40863037109375,171.53871536254883,Overextension risk,2,Main
1759092520.446629,left,149.24037170410156,163.26332092285156,171.533447265625,Overextension risk,2,Main
1759092520.5132532,left,150.73780822753906,163.21302795410156,171.52817916870117,Overextension risk,2,Main
1759092520.5803258,left,157.21401977539062,163.16273498535156,171.52291107177734,Overextension risk,2,Main
1759092520.647199,left,154.87193298339844,163.0740966796875,171.51764297485352,Overextension risk,2,Main
1759092520.7151842,left,151.7313690185547,162.98545837402344,171.5123748779297,Overextension risk,2,Main
1759092520.780566,left,152.11630249023438,162.96087646484375,171.50710678100586,Overextension risk,2,Main
1759092520.848151,left,150.0954132080078,162.93629455566406,171.50183868408203,Overextension risk,2,Main
1759092520.9118059,left,148.85626220703125,162.72393035888672,171.4965705871582,Overextension risk,2,Main
1759092520.9800699,left,147.90347290039062,162.51156616210938,171.49130249023438,Overextension risk,2,Main
1759092521.0487611,left,148.60546875,162.40965270996094,171.48603439331055,Overextension risk,2,Main
1759092521.114363,left,149.78485107421875,162.3077392578125,171.48076629638672,Overextension risk,2,Main
1759092521.1828852,left,147.24220275878906,162.12913513183594,171.4754981994629,Overextension risk,2,Main
1759092521.247842,left,146.9398651123047,161.95053100585938,171.47023010253906,Overextension risk,2,Main
1759092521.317088,left,149.07302856445312,161.7506332397461,171.46638565063478,Overextension risk,2,Main
1759092521.380933,left,148.71620178222656,161.5507354736328,171.46254119873046,Overextension risk,2,Main
1759092521.447111,left,152.63558959960938,161.5466079711914,171.45869674682618,Overextension risk,2,Main
1759092521.5125241,left,153.8164825439453,161.54248046875,171.45485229492186,Overextension risk,2,Main
1759092521.5508769,left,153.9464569091797,161.52338409423828,171.45100784301758,Overextension risk,2,Main
1759092521.610524,left,151.6853790283203,161.50428771972656,171.4471633911133,Overextension risk,2,Main
1759092521.6789892,left,149.6838836669922,160.94469451904297,171.44331893920898,Overextension risk,2,Main
1759092521.7465699,left,148.4854736328125,160.38510131835938,171.4394744873047,Overextension risk,2,Main
1759092521.8118951,left,148.30099487304688,160.3520050048828,171.43563003540038,Overextension risk,2,Main
1759092521.8827221,left,147.25462341308594,160.31890869140625,171.4317855834961,Overextension risk,2,Main
1759092521.945677,left,144.93777465820312,160.28685760498047,171.4279411315918,Overextension risk,2,Main
1759092522.010937,left,142.42788696289062,160.2548065185547,171.4240966796875,Overextension risk,2,Main
1759092522.082904,left,141.693115234375,160.09061431884766,171.4202522277832,Overextension risk,2,Main
1759092522.146878,left,143.5849609375,159.92642211914062,171.4164077758789,Overextension risk,2,Main
1759092522.212897,left,144.39886474609375,159.91222381591797,171.4125633239746,Overextension risk,2,Main
1759092522.273428,left,146.08058166503906,159.8980255126953,171.40871887207032,Overextension risk,2,Main
1759092522.34738,left,146.19224548339844,159.8607940673828,171.404874420166,Overextension risk,2,Main
1759092522.407789,left,141.72906494140625,159.8235626220703,171.40102996826172,Overextension risk,2,Main
1759092522.4441128,left,141.5978546142578,159.76470947265625,171.3971855163574,Overextension risk,2,Main
1759092522.510371,left,141.1829833984375,159.7058563232422,171.39334106445312,Overextension risk,2,Main
1759092522.543262,left,139.8143310546875,159.1451416015625,171.37371749877929,Overextension risk,2,Main
1759092522.610633,left,141.78897094726562,158.5844268798828,171.35409393310545,Overextension risk,2,Main
1759092522.677439,left,136.76608276367188,158.5684356689453,171.33447036743163,Overextension risk,2,Main
1759092522.7474391,left,147.94772338867188,158.5524444580078,171.3148468017578,Overextension risk,2,Main
1759092522.811341,left,155.2081756591797,158.5477523803711,171.29522323608398,Overextension risk,2,Main
1759092522.878803,left,158.01907348632812,158.54306030273438,171.27559967041014,Overextension risk,2,Main
1759092522.945059,left,153.21670532226562,158.45616912841797,171.2559761047363,Overextension risk,2,Main
1759092523.0074759,left,131.46484375,158.36927795410156,171.2363525390625,Overextension risk,2,Main
1759092523.042387,left,112.68419647216797,158.19417572021484,171.21672897338865,Overextension risk,2,Main
1759092523.075449,left,107.90544128417969,158.01907348632812,171.19710540771484,Overextension risk,2,Main
1759092523.1080031,left,109.33847045898438,158.01841735839844,171.177481842041,Overextension risk,2,Main
1759092523.1759338,left,103.0010757446289,158.01776123046875,171.15785827636716,Overextension risk,2,Main
1759092523.244419,left,98.53180694580078,157.6158905029297,171.13823471069335,Overextension risk,3,Main
1759092523.3084748,left,99.73776245117188,157.21401977539062,171.11861114501954,Overextension risk,3,Main
1759092523.382828,left,102.44133758544922,156.86890411376953,171.0989875793457,Overextension risk,3,Main
1759092523.44527,left,105.32239532470703,156.52378845214844,171.07936401367186,Overextension risk,3,Main
1759092523.5076952,left,107.32880401611328,156.4642333984375,171.05974044799802,Overextension risk,3,Main
1759092523.572177,left,105.20681762695312,156.40467834472656,171.0401168823242,Overextension risk,3,Main
1759092523.605494,left,135.55075073242188,156.21443939208984,171.0204933166504,Overextension risk,3,Main
1759092523.640876,left,146.67857360839844,156.02420043945312,171.00086975097656,Overextension risk,3,Main
1759092523.705581,left,145.9871368408203,155.9965591430664,170.99194564819337,Overextension risk,3,Main
1759092523.739723,left,153.08168029785156,155.9689178466797,170.98302154541014,Overextension risk,3,Main
1759092523.775166,left,150.71102905273438,155.94269561767578,170.97409744262694,Overextension risk,3,Main
1759092523.839342,left,151.66502380371094,155.91647338867188,170.96517333984374,Overextension risk,3,Main
1759092523.871246,left,148.75328063964844,155.845458984375,170.95624923706055,Overextension risk,3,Main
1759092523.9395258,left,148.51234436035156,155.77444458007812,170.94732513427735,Overextension risk,3,Main
1759092523.974734,left,146.3074951171875,155.68406677246094,170.93840103149412,Overextension risk,3,Main
1759092524.041188,left,147.98387145996094,155.59368896484375,170.92947692871093,Overextension risk,3,Main
1759092524.104311,left,147.91427612304688,155.53624725341797,170.92055282592773,Overextension risk,3,Main
1759092524.1428769,left,149.10995483398438,155.4788055419922,170.91162872314453,Overextension risk,3,Main
1759092524.212457,left,154.0225830078125,155.39508056640625,170.90270462036133,Overextension risk,3,Main
1759092524.278924,left,157.51806640625,155.4788055419922,170.8937805175781,Overextension risk,3,Main
1759092524.344913,left,159.60595703125,155.53624725341797,170.8848564147949,Overextension risk,3,Main
1759092524.4122949,left,155.96311950683594,155.59368896484375,170.8759323120117,Overextension risk,3,Main
1759092524.48243,left,151.8136444091797,155.53624725341797,170.86700820922852,Overextension risk,3,Main
1759092524.5448792,left,114.01544189453125,155.39508056640625,170.86700820922852,Overextension risk,3,Main
1759092524.611477,left,104.77976989746094,155.3113555908203,170.85808410644532,Overextension risk,3,Main
1759092524.678459,left,102.78842163085938,155.2081756591797,170.85808410644532,Overextension risk,3,Main
1759092524.745922,left,105.14582824707031,155.13037872314453,170.8491600036621,Overextension risk,3,Main
1759092524.810614,left,106.98373413085938,155.05258178710938,170.8402359008789,Overextension risk,3,Main
1759092524.8774369,left,137.07369995117188,155.02174377441406,170.8402359008789,Overextension risk,3,Main
1759092524.942431,left,148.88168334960938,154.87193298339844,170.8402359008789,Overextension risk,3,Main
1759092525.013603,left,152.99041748046875,154.61260223388672,170.8313117980957,Overextension risk,3,Main
1759092525.080554,left,151.1450653076172,154.18792724609375,170.8313117980957,Overextension risk,3,Main
1759092525.147784,left,150.42324829101562,153.9845199584961,170.8313117980957,Overextension risk,3,Main
1759092525.221212,left,147.95980834960938,153.8814697265625,170.8313117980957,Overextension risk,3,Main
1759092525.279469,left,148.62648010253906,153.69152069091797,170.8313117980957,Overextension risk,3,Main
1759092525.3460941,left,151.07791137695312,153.5533905029297,170.8313117980957,Overextension risk,3,Main
1759092525.413493,left,157.08267211914062,153.5533905029297,170.8313117980957,Overextension risk,3,Main
1759092525.479357,left,161.6862335205078,153.5533905029297,170.8313117980957,Overextension risk,3,Main
1759092525.54528,left,157.4190673828125,153.69152069091797,170.8313117980957,Overextension risk,3,Main
1759092525.612963,left,153.7423553466797,153.65445709228516,170.8313117980957,Overextension risk,3,Main
1759092525.6781812,left,152.55967712402344,153.5533905029297,170.8313117980957,Overextension risk,3,Main
1759092525.745756,left,119.29610443115234,153.3784637451172,170.8313117980957,Overextension risk,3,Main
1759092525.814517,left,98.2267837524414,153.20032501220703,170.8313117980957,Overextension risk,4,Main
1759092525.881332,left,97.11436462402344,153.15945434570312,170.8313117980957,Overextension risk,4,Main
1759092525.945878,left,99.53890228271484,153.1083221435547,170.8313117980957,Overextension risk,4,Main
1759092526.012392,left,118.63813781738281,153.03604888916016,170.8313117980957,Overextension risk,4,Main
1759092526.046817,left,147.63626098632812,152.86190795898438,170.81129837036133,Overextension risk,4,Main
1759092526.112106,left,147.94317626953125,152.6844940185547,170.70115509033204,Overextension risk,4,Main
1759092526.176916,left,148.3539581298828,152.5976333618164,170.6853141784668,Overextension risk,4,Main
1759092526.211156,left,147.72265625,152.43138122558594,170.6853141784668,Overextension risk,4,Main
1759092526.276544,left,147.93768310546875,152.2096939086914,170.6853141784668,Overextension risk,4,Main
1759092526.3097742,left,141.39425659179688,151.96497344970703,170.6853141784668,Overextension risk,4,Main
1759092526.342505,left,137.11557006835938,151.96497344970703,170.6853141784668,Overextension risk,4,Main
1759092526.409187,left,141.13046264648438,151.96497344970703,170.6853141784668,Overextension risk,4,Main
1759092526.478106,left,146.95635986328125,151.96497344970703,170.6853141784668,Overextension risk,4,Main
1759092526.511557,left,152.0205841064453,151.9171142578125,170.6853141784668,Overextension risk,4,Main
1759092526.573544,left,155.80088806152344,152.06844329833984,170.6853141784668,Overextension risk,4,Main
1759092526.614178,left,158.21434020996094,152.06844329833984,170.6853141784668,Overextension risk,4,Main
1759092526.677203,left,154.29794311523438,152.06844329833984,170.6853141784668,Overextension risk,4,Main
1759092526.712258,left,152.23643493652344,152.06844329833984,170.6853141784668,Overextension risk,4,Main
1759092526.774705,left,135.1990203857422,151.9171142578125,170.6853141784668,Overextension risk,4,Main
1759092526.8090801,left,108.75762176513672,151.7725067138672,170.64374618530275,Overextension risk,4,Main
1759092526.841825,left,105.78575134277344,151.7083740234375,170.64374618530275,Overextension risk,4,Main
1759092526.8763049,left,103.0040512084961,151.67520141601562,170.64374618530275,Overextension risk,4,Main
1759092526.908159,left,97.53784942626953,151.62060546875,170.50323791503905,Overextension risk,5,Main
1759092526.941329,left,91.65310668945312,151.36062622070312,170.50323791503905,Overextension risk,5,Main
1759092526.972317,left,93.74313354492188,151.11148834228516,170.50323791503905,Overextension risk,5,Main
1759092527.007633,left,93.91243743896484,150.93951416015625,170.50323791503905,Overextension risk,5,Main
1759092527.042795,left,97.09407806396484,150.76946258544922,170.50323791503905,Overextension risk,5,Main
1759092527.075017,left,97.68954467773438,150.72441864013672,170.50323791503905,Overextension risk,5,Main
1759092527.1094232,left,99.658203125,150.6640853881836,170.50323791503905,Overextension risk,5,Main
1759092527.1744561,left,106.26190185546875,150.6640853881836,170.50323791503905,Overextension risk,5,Main
1759092527.2077131,left,132.8479461669922,150.6640853881836,170.50323791503905,Overextension risk,5,Main
1759092527.241317,left,131.2538299560547,150.6640853881836,170.50323791503905,Overextension risk,5,Main
1759092527.274986,left,154.0982666015625,150.72441864013672,170.50323791503905,Overextension risk,5,Main
1759092527.3068779,left,151.7672576904297,150.76946258544922,170.50323791503905,Overextension risk,5,Main
1759092527.341012,left,151.2232208251953,150.93951416015625,170.50323791503905,Overextension risk,5,Main
1759092527.3732202,left,145.9993438720703,150.93951416015625,170.50323791503905,Overextension risk,5,Main
1759092527.4098449,left,144.36685180664062,150.93951416015625,170.50323791503905,Overextension risk,5,Main
1759092527.444018,left,146.8289031982422,150.76946258544922,170.50323791503905,Overextension risk,5,Main
1759092527.5084522,left,145.12966918945312,150.72441864013672,170.50323791503905,Overextension risk,5,Main
1759092527.575001,left,146.65118408203125,150.6640853881836,170.50323791503905,Overextension risk,5,Main
1759092527.6094131,left,146.11825561523438,150.52019500732422,170.50323791503905,Overextension risk,5,Main
1759092527.676509,left,148.63070678710938,150.39181518554688,170.50323791503905,Overextension risk,5,Main
1759092527.7468858,left,149.52159118652344,150.2793426513672,170.50323791503905,Overextension risk,5,Main
1759092527.815089,left,151.34950256347656,150.2793426513672,170.50323791503905,Overextension risk,5,Main
1759092527.878431,left,153.4649200439453,150.2793426513672,170.50323791503905,Overextension risk,5,Main
1759092527.947191,left,129.68739318847656,150.14685821533203,170.39235458374023,Overextension risk,5,Main
1759092528.015577,left,114.75602722167969,149.97130584716797,170.39235458374023,Overextension risk,5,Main
1759092528.0795572,left,98.87059020996094,149.81602478027344,170.39235458374023,Overextension risk,6,Main
1759092528.1407738,left,90.8144302368164,149.73436737060547,170.39235458374023,Overextension risk,6,Main
1759092528.211057,left,90.38229370117188,149.6027374267578,170.39235458374023,Overextension risk,6,Main
1759092528.279168,left,98.1092529296875,149.4892120361328,170.39235458374023,Overextension risk,6,Main
1759092528.347313,left,116.28937530517578,149.34860229492188,170.39235458374023,Overextension risk,6,Main
1759092528.41152,left,134.67918395996094,149.17516326904297,170.39235458374023,Overextension risk,6,Main
1759092528.4791281,left,149.5338897705078,149.17516326904297,170.39235458374023,Overextension risk,6,Main
1759092528.547939,left,146.31678771972656,149.09149169921875,170.39235458374023,Overextension risk,6,Cooldown
1759092528.607938,left,147.05149841308594,148.98241424560547,170.39235458374023,Overextension risk,6,Cooldown
1759092528.639767,left,144.6739044189453,148.8867416381836,170.39235458374023,Overextension risk,6,Cooldown
1759092528.673385,left,136.9887237548828,148.8689727783203,170.39235458374023,Overextension risk,6,Cooldown
1759092528.707336,left,141.422119140625,148.80477142333984,170.39235458374023,Overextension risk,6,Cooldown
1759092528.742284,left,143.44923400878906,148.7347412109375,170.39235458374023,Overextension risk,6,Cooldown
1759092528.807988,left,151.35025024414062,148.7347412109375,170.39235458374023,Overextension risk,6,Cooldown
1759092528.8415859,left,152.5736541748047,148.7347412109375,170.39235458374023,Overextension risk,6,Cooldown
1759092528.911072,left,159.88209533691406,148.7347412109375,170.39235458374023,Overextension risk,6,Cooldown
1759092528.966667,left,159.70065307617188,148.7347412109375,170.39235458374023,Overextension risk,6,Cooldown
1759092529.0058408,left,156.06797790527344,148.7347412109375,170.39235458374023,Overextension risk,6,Cooldown
1759092529.038044,left,148.87533569335938,148.7347412109375,170.39235458374023,Overextension risk,6,Cooldown
1759092529.072706,left,137.52865600585938,148.67345428466797,170.39235458374023,Overextension risk,6,Cooldown
1759092529.1362119,left,100.7196273803711,148.62859344482422,170.39235458374023,Overextension risk,6,Cooldown
1759092529.173747,left,100.44024658203125,148.61597442626953,170.39235458374023,Overextension risk,6,Cooldown
1759092529.207092,left,100.87712097167969,148.55890655517578,170.39235458374023,Overextension risk,6,Cooldown
1759092529.242363,left,106.94020080566406,148.49890899658203,170.39235458374023,Overextension risk,6,Cooldown
1759092529.2748108,left,104.80938720703125,148.41971588134766,170.39235458374023,Overextension risk,6,Cooldown
1759092529.3422232,left,111.02110290527344,148.32747650146484,170.39235458374023,Overextension risk,6,Cooldown
1759092529.375124,left,116.02981567382812,148.1424331665039,170.39235458374023,Overextension risk,6,Cooldown
1759092529.406635,left,118.23052978515625,147.97183990478516,170.39235458374023,Overextension risk,6,Cooldown
1759092529.445141,left,135.69961547851562,147.95376586914062,170.39235458374023,Overextension risk,6,Cooldown
1759092529.509541,left,145.4457244873047,147.94544982910156,170.39235458374023,Overextension risk,6,Cooldown
1759092529.544669,left,143.9945068359375,147.9404296875,170.39235458374023,Overextension risk,6,Cooldown
1759092529.607897,left,145.01766967773438,147.93582153320312,170.39235458374023,Overextension risk,6,Cooldown
1759092529.6443741,left,143.0648193359375,147.9241180419922,170.39235458374023,Overextension risk,6,Cooldown
1759092529.7099671,left,145.01405334472656,147.90887451171875,170.39235458374023,Overextension risk,6,Cooldown
1759092529.744048,left,144.4400177001953,147.89611053466797,170.39235458374023,Overextension risk,6,Cooldown
1759092529.811017,left,147.42092895507812,147.80570220947266,170.39235458374023,Overextension risk,6,Cooldown
1759092529.8790731,left,153.88877868652344,147.80570220947266,170.39235458374023,Overextension risk,6,Cooldown
1759092529.949861,left,152.4014892578125,147.80570220947266,170.39235458374023,Overextension risk,6,Cooldown
1759092530.011758,left,149.2879180908203,147.80570220947266,170.39235458374023,Overextension risk,6,Cooldown
1759092530.0456908,left,146.73370361328125,147.67945861816406,170.39235458374023,Overextension risk,6,Cooldown
1759092530.107132,left,116.53363800048828,147.6239242553711,170.39235458374023,Overextension risk,6,Cooldown
1759092530.180008,left,98.5455093383789,147.57390594482422,170.39235458374023,Overextension risk,7,Cooldown
1759092530.2480798,left,106.81053161621094,147.47857666015625,170.39235458374023,Overextension risk,7,Cooldown
1759092530.3128479,left,112.18359375,147.3411407470703,170.39235458374023,Overextension risk,7,Cooldown
1759092530.3815942,left,120.92364501953125,147.25798797607422,170.39235458374023,Overextension risk,7,Cooldown
1759092530.4461539,left,139.5894317626953,147.2484130859375,170.39235458374023,Overextension risk,7,Cooldown
1759092530.512383,left,140.690673828125,147.16703033447266,170.39235458374023,Overextension risk,7,Cooldown
1759092530.575784,left,141.75741577148438,147.0716781616211,170.39235458374023,Overextension risk,7,Cooldown
1759092530.6099808,left,139.9337158203125,147.0180206298828,170.39235458374023,Overextension risk,7,Cooldown
1759092530.641977,left,136.26808166503906,146.97045135498047,170.39235458374023,Overextension risk,7,Cooldown
1759092530.6752698,left,135.19309997558594,146.94811248779297,170.39235458374023,Overextension risk,7,Cooldown
1759092530.708933,left,135.836181640625,146.88438415527344,170.39235458374023,Overextension risk,7,Cooldown
1759092530.776375,left,146.5680694580078,146.78130340576172,170.39235458374023,Overextension risk,7,Cooldown
1759092530.84385,left,151.38401794433594,146.78130340576172,170.39235458374023,Overextension risk,7,Cooldown
1759092530.9083111,left,157.35415649414062,146.78130340576172,170.39235458374023,Overextension risk,7,Cooldown
1759092530.979726,left,155.93235778808594,146.78130340576172,170.39235458374023,Overextension risk,7,Cooldown
1759092531.048129,left,137.44512939453125,146.70613861083984,170.39235458374023,Overextension risk,7,Cooldown
1759092531.1102662,left,104.22664642333984,146.66487884521484,170.39235458374023,Overextension risk,7,Cooldown
1759092531.177871,left,99.15133666992188,146.60962677001953,170.39235458374023,Overextension risk,8,Cooldown
1759092531.246603,left,98.99252319335938,146.4424285888672,170.39235458374023,Overextension risk,8,Cooldown
1759092531.312852,left,104.73870086669922,146.31214141845703,170.39235458374023,Overextension risk,8,Cooldown
1759092531.380417,left,111.4575424194336,146.24987030029297,170.39235458374023,Overextension risk,8,Cooldown
1759092531.4454699,left,142.2785186767578,146.1552505493164,170.39235458374023,Overextension risk,8,Cooldown
1759092531.514561,left,150.76751708984375,146.1552505493164,170.39235458374023,Overextension risk,8,Cooldown
1759092531.575774,left,146.1097869873047,146.11402130126953,170.39235458374023,Overextension risk,8,Cooldown
1759092531.643828,left,134.09600830078125,146.09518432617188,170.39235458374023,Overextension risk,8,Cooldown
1759092531.7154071,left,137.75111389160156,146.0399627685547,170.39235458374023,Overextension risk,8,Cooldown
1759092531.779178,left,141.77072143554688,145.9932403564453,170.39235458374023,Overextension risk,8,Cooldown
1759092531.843263,left,152.7884979248047,145.9932403564453,170.39235458374023,Overextension risk,8,Cooldown
1759092531.9108338,left,153.5546112060547,145.9932403564453,170.39235458374023,Overextension risk,8,Cooldown
1759092531.9823182,left,153.83273315429688,145.9932403564453,169.72929763793945,Overextension risk,8,Cooldown
1759092532.044853,left,120.96793365478516,145.7164306640625,169.5151268005371,Overextension risk,8,Cooldown
1759092532.109652,left,105.6897964477539,145.42354583740234,169.40736541748046,Overextension risk,8,Cooldown
1759092532.1780338,left,102.72698974609375,145.35345458984375,169.3158103942871,Overextension risk,8,Cooldown
1759092532.244846,left,108.17859649658203,145.2176055908203,169.0410614013672,Overextension risk,8,Cooldown
1759092532.3163352,left,115.22584533691406,145.07366943359375,168.94922943115233,Overextension risk,8,Cooldown
1759092532.378221,left,150.71998596191406,145.07366943359375,168.6877853393555,Overextension risk,8,Cooldown
1759092532.4407759,left,160.9502716064453,145.07366943359375,168.4250129699707,Overextension risk,8,Cooldown
1759092532.476085,left,155.68197631835938,145.07366943359375,168.27048873901367,Overextension risk,8,Cooldown
1759092532.509136,left,154.93551635742188,145.07366943359375,167.6838790893555,Overextension risk,8,Cooldown
1759092532.574126,left,155.63877868652344,145.07366943359375,167.432421875,Overextension risk,8,Cooldown
1759092532.608523,left,145.66908264160156,145.07366943359375,167.37902908325196,Overextension risk,8,Cooldown
1759092532.67869,left,146.30787658691406,145.07366943359375,167.19432830810547,Overextension risk,8,Cooldown
1759092532.7434108,left,149.00369262695312,145.07366943359375,166.30917358398438,Overextension risk,8,Cooldown
1759092532.8095381,left,154.6300048828125,145.07366943359375,166.12445373535155,Overextension risk,8,Cooldown
1759092532.879578,left,155.51220703125,145.07366943359375,163.095337677002,Overextension risk,8,Cooldown
1759092532.944692,left,151.52626037597656,145.07366943359375,161.74873657226564,Overextension risk,8,Cooldown
1759092533.013036,left,137.23313903808594,145.01586151123047,160.98706970214843,Overextension risk,8,Cooldown
1759092533.080508,left,113.73921203613281,144.97591400146484,159.93550415039064,Overextension risk,8,Cooldown
1759092533.141021,left,101.45326232910156,144.80583953857422,159.709725189209,Overextension risk,8,Cooldown
1759092533.177002,left,96.30633544921875,144.65660095214844,159.6106918334961,Overextension risk,9,Cooldown
1759092533.240015,left,104.32300567626953,144.53965759277344,158.2839210510254,Overextension risk,9,Cooldown
1759092533.2730508,left,109.6699447631836,144.41944122314453,158.02883682250976,Overextension risk,9,Cooldown
1759092533.3072371,left,110.22875213623047,144.3828582763672,158.01782684326173,Overextension risk,9,Cooldown
1759092533.3402371,left,119.2808609008789,144.2209243774414,157.54305114746094,Overextension risk,9,Cooldown
1759092533.373909,left,131.9117889404297,144.03491973876953,157.42401733398438,Overextension risk,9,Cooldown
1759092533.409673,left,141.3259735107422,143.9946746826172,157.3574020385742,Overextension risk,9,Cooldown
1759092533.474009,left,146.3177490234375,143.9946746826172,157.2210266113281,Overextension risk,9,Cooldown
1759092533.508084,left,148.38711547851562,143.9946746826172,157.08923950195313,Overextension risk,9,Cooldown
1759092533.577674,left,147.56719970703125,143.9946746826172,156.1187126159668,Overextension risk,9,Cooldown
1759092533.6423411,left,147.51889038085938,143.9946746826172,155.9683624267578,Overextension risk,9,Cooldown
1759092533.675644,left,147.7698974609375,143.9946746826172,155.93389587402345,Overextension risk,9,Cooldown
1759092533.738692,left,150.52149963378906,143.9946746826172,155.93389587402345,Overextension risk,9,Cooldown
1759092533.77566,left,157.763427734375,143.9946746826172,155.93389587402345,Overextension risk,9,Cooldown
1759092533.8116858,left,153.343994140625,143.9946746826172,155.93389587402345,Overextension risk,9,Cooldown
1759092533.883122,left,147.3309326171875,143.9946746826172,155.93389587402345,Overextension risk,9,Cooldown
1759092533.944448,left,138.51910400390625,143.78973388671875,155.93389587402345,Overextension risk,9,Cooldown
1759092533.978355,left,115.20899963378906,143.51709747314453,155.93389587402345,Overextension risk,9,Cooldown
1759092534.045664,left,111.70001983642578,143.25702667236328,155.93389587402345,Overextension risk,9,Cooldown
1759092534.113526,left,96.9301986694336,142.93939208984375,155.93389587402345,Overextension risk,10,Cooldown
1759092534.151992,left,100.8753433227539,142.77271270751953,155.93389587402345,Overextension risk,10,Cooldown
1759092534.212574,left,105.32099914550781,142.57967376708984,155.93389587402345,Overextension risk,10,Cooldown
1759092534.278992,left,121.77804565429688,142.57967376708984,155.93389587402345,Overextension risk,10,Cooldown
1759092534.344646,left,146.51426696777344,142.77271270751953,155.93389587402345,Overextension risk,10,Cooldown
1759092534.3796852,left,151.1892547607422,142.93939208984375,155.93389587402345,Overextension risk,10,Cooldown
1759092534.4454248,left,151.11422729492188,143.25702667236328,155.93389587402345,Overextension risk,10,Cooldown
1759092534.480208,left,152.55859375,143.51709747314453,155.93389587402345,Overextension risk,10,Cooldown
1759092534.5457542,left,149.70513916015625,143.78973388671875,155.93389587402345,Overextension risk,10,Cooldown
1759092534.60994,left,144.11476135253906,143.9946746826172,155.93389587402345,Overextension risk,10,Cooldown
1759092534.643404,left,150.68051147460938,143.9946746826172,155.93389587402345,Overextension risk,10,Cooldown
1759092534.678143,left,151.74732971191406,143.9946746826172,155.93389587402345,Overextension risk,10,Cooldown
1759092534.745048,left,151.50619506835938,143.9946746826172,155.93389587402345,Overextension risk,10,Cooldown
1759092534.812324,left,150.6910858154297,143.9946746826172,155.93389587402345,Overextension risk,10,Cooldown
1759092534.8786821,left,136.9394073486328,143.78973388671875,155.93389587402345,Overextension risk,10,Cooldown
1759092534.946583,left,122.88259887695312,143.51709747314453,155.93389587402345,Overextension risk,10,Cooldown
1759092535.0161018,left,99.3576889038086,143.25702667236328,155.93389587402345,Overextension risk,11,Cooldown
1759092535.0790908,left,98.4088363647461,142.74635314941406,155.93389587402345,Overextension risk,11,Cooldown
1759092535.147983,left,101.60182189941406,142.74635314941406,155.93389587402345,Overextension risk,11,Cooldown
1759092535.216115,left,109.28704833984375,142.74635314941406,155.93389587402345,Overextension risk,11,Cooldown
1759092535.279238,left,114.34427642822266,142.74635314941406,155.93389587402345,Overextension risk,11,Cooldown
1759092535.346397,left,130.87281799316406,142.74635314941406,155.93389587402345,Overextension risk,11,Cooldown
1759092535.41209,left,136.82427978515625,142.74635314941406,155.93389587402345,Overextension risk,11,Cooldown
1759092535.478888,left,147.41970825195312,143.25702667236328,155.93389587402345,Overextension risk,11,Cooldown
1759092535.5481112,left,140.7120361328125,143.25702667236328,155.93389587402345,Overextension risk,11,Cooldown
1759092535.611619,left,144.05064392089844,143.51709747314453,155.93389587402345,Overextension risk,11,Cooldown
1759092535.678775,left,148.7834014892578,143.78973388671875,155.93389587402345,Overextension risk,11,Cooldown
1759092535.747075,left,147.4098358154297,144.02257537841797,155.93389587402345,Overextension risk,11,Cooldown
1759092535.8127801,left,154.34844970703125,144.08270263671875,155.93389587402345,Overextension risk,11,Cooldown
1759092535.882164,left,154.47677612304688,144.24080657958984,155.93389587402345,Overextension risk,11,Cooldown
1759092535.9470668,left,145.03192138671875,144.3828582763672,155.93389587402345,Overextension risk,11,Cooldown
1759092536.0129359,left,107.6506576538086,144.3828582763672,155.93389587402345,Overextension risk,11,Cooldown
1759092536.080051,left,95.13180541992188,144.3828582763672,155.93389587402345,Overextension risk,12,Cooldown
1759092536.146775,left,95.97006225585938,144.3828582763672,155.93389587402345,Overextension risk,12,Cooldown
1759092536.212137,left,105.63232421875,144.3828582763672,155.93389587402345,Overextension risk,12,Cooldown
1759092536.246169,left,111.85201263427734,144.3828582763672,155.93389587402345,Overextension risk,12,Cooldown
1759092536.30878,left,146.2766876220703,144.41944122314453,155.93389587402345,Overextension risk,12,Cooldown
1759092536.3400052,left,158.90576171875,144.5569610595703,155.9683624267578,Overextension risk,12,Cooldown
1759092536.3789,left,148.20257568359375,144.80583953857422,155.9683624267578,Overextension risk,12,Cooldown
1759092536.443054,left,145.93946838378906,144.97591400146484,155.9683624267578,Overextension risk,12,Cooldown
1759092536.510957,left,138.2001190185547,144.97591400146484,155.9683624267578,Overextension risk,12,Cooldown
1759092536.544377,left,139.406494140625,144.97591400146484,155.9683624267578,Overextension risk,12,Cooldown
1759092536.576457,left,142.9278564453125,144.97591400146484,155.9683624267578,Overextension risk,12,Cooldown
1759092536.6445131,left,146.53724670410156,145.01586151123047,155.9683624267578,Overextension risk,12,Cooldown
1759092536.71486,left,154.29588317871094,145.02479553222656,155.9683624267578,Overextension risk,12,Cooldown
1759092536.7790048,left,150.03712463378906,145.08079528808594,155.9683624267578,Overextension risk,12,Cooldown
1759092536.846036,left,129.4371795654297,145.08079528808594,155.9683624267578,Overextension risk,12,Cooldown
1759092536.910767,left,114.95903015136719,145.08079528808594,155.9683624267578,Overextension risk,12,Cooldown
1759092536.980275,left,103.0550537109375,145.08079528808594,155.9683624267578,Overextension risk,12,Cooldown
1759092537.047963,left,104.62256622314453,145.08079528808594,155.9683624267578,Overextension risk,12,Cooldown
1759092537.111357,left,104.65658569335938,145.08079528808594,155.9683624267578,Overextension risk,12,Cooldown
1759092537.179682,left,112.53317260742188,145.08079528808594,155.9683624267578,Overextension risk,12,Cooldown
1759092537.247804,left,149.2415313720703,145.08079528808594,155.9683624267578,Overextension risk,12,Cooldown
1759092537.311432,left,152.34071350097656,145.08079528808594,155.9683624267578,Overextension risk,12,Cooldown
1759092537.379413,left,144.15989685058594,145.02479553222656,155.9683624267578,Overextension risk,12,Cooldown
1759092537.450237,left,141.84765625,145.01586151123047,155.9683624267578,Overextension risk,12,Cooldown
1759092537.512091,left,143.05613708496094,144.97591400146484,155.9683624267578,Overextension risk,12,Cooldown
1759092537.5800362,left,143.98556518554688,144.80583953857422,155.9683624267578,Overextension risk,12,Cooldown
1759092537.643415,left,148.4032440185547,144.80583953857422,155.9683624267578,Overextension risk,12,Cooldown
1759092537.7130299,left,149.4884033203125,144.80583953857422,155.93389587402345,Overextension risk,12,Cooldown
1759092537.779279,left,156.3677978515625,144.80583953857422,155.9683624267578,Overextension risk,12,Cooldown
1759092537.8477519,left,134.08090209960938,144.5569610595703,155.9683624267578,Overextension risk,12,Cooldown
1759092537.914709,left,104.32905578613281,144.41944122314453,155.9683624267578,Overextension risk,12,Cooldown
1759092537.977246,left,93.93419647216797,144.3828582763672,155.9683624267578,Overextension risk,13,Cooldown
1759092538.04734,left,91.95498657226562,144.26337432861328,155.9683624267578,Overextension risk,13,Cooldown
1759092538.112247,left,94.02464294433594,144.1373291015625,155.9683624267578,Overextension risk,13,Cooldown
1759092538.180341,left,103.63700103759766,144.08270263671875,155.9683624267578,Overextension risk,13,Cooldown
1759092538.2466822,left,130.49411010742188,144.02257537841797,155.9683624267578,Overextension risk,13,Cooldown
1759092538.31355,left,149.93975830078125,144.02257537841797,155.9683624267578,Overextension risk,13,Cooldown
1759092538.378326,left,147.20303344726562,144.02257537841797,155.9683624267578,Overextension risk,13,Cooldown
1759092538.451738,left,139.781494140625,143.9900360107422,155.9683624267578,Overextension risk,13,Cooldown
1759092538.513726,left,132.47669982910156,143.78526306152344,155.9683624267578,Overextension risk,13,Cooldown
1759092538.579508,left,135.2001495361328,143.51709747314453,155.9683624267578,Overextension risk,13,Cooldown
1759092538.6474721,left,137.09939575195312,143.25702667236328,155.9683624267578,Overextension risk,13,Cooldown
1759092538.714798,left,148.94435119628906,143.25702667236328,155.9683624267578,Overextension risk,13,Cooldown
1759092538.772876,left,152.9651336669922,143.25702667236328,155.9683624267578,Overextension risk,13,Cooldown
1759092538.8062139,left,153.3769073486328,143.25702667236328,155.9683624267578,Overextension risk,13,Cooldown
1759092538.8411598,left,156.75161743164062,143.25702667236328,156.0829689025879,Overextension risk,13,Cooldown
1759092538.875496,left,152.3416748046875,143.25702667236328,156.0829689025879,Overextension risk,13,Cooldown
1759092538.90675,left,146.55563354492188,143.25702667236328,156.0829689025879,Overextension risk,13,Cooldown
1759092538.9400709,left,135.91612243652344,143.06047821044922,156.0829689025879,Overextension risk,13,Cooldown
1759092538.9732952,right,163.37953186035156,143.25702667236328,156.38698883056642,Overextension risk,13,Cooldown
1759092539.006656,right,161.23155212402344,143.51709747314453,156.76817016601564,Overextension risk,13,Cooldown
1759092539.039585,right,157.91580200195312,143.71739959716797,157.09624633789062,Overextension risk,13,Cooldown
1759092539.072486,right,158.08050537109375,143.71739959716797,157.3574020385742,Overextension risk,13,Cooldown
1759092539.1083462,right,158.2308807373047,143.71739959716797,157.42401733398438,Overextension risk,13,Cooldown
1759092539.1398132,right,155.6737518310547,143.71739959716797,157.42401733398438,Overextension risk,13,Cooldown
1759092539.173995,right,158.13157653808594,143.9900360107422,157.53033447265625,Overextension risk,13,Cooldown
1759092539.207804,right,156.8838348388672,144.02257537841797,157.53033447265625,Overextension risk,13,Cooldown
1759092539.241378,right,157.6724395751953,144.08270263671875,157.6769889831543,Overextension risk,13,Cooldown
1759092539.275726,right,160.15406799316406,144.1373291015625,157.77104644775392,Overextension risk,13,Cooldown
1759092539.338845,right,163.41819763183594,144.26337432861328,157.92096557617188,Overextension risk,13,Cooldown
1759092539.372882,right,163.19586181640625,144.40343475341797,158.02214508056642,Overextension risk,13,Cooldown
1759092539.407028,right,158.29110717773438,144.40343475341797,158.08305892944335,Overextension risk,13,Cooldown
1759092539.4417741,right,148.99920654296875,144.40343475341797,158.08305892944335,Overextension risk,13,Cooldown
1759092539.4730968,left,151.2736358642578,144.40343475341797,158.08305892944335,Overextension risk,13,Cooldown
1759092539.507222,left,148.454345703125,144.40343475341797,158.08305892944335,Overextension risk,13,Cooldown
1759092539.5700932,left,136.4522247314453,144.40343475341797,158.08305892944335,Overextension risk,13,Cooldown
1759092539.609038,left,138.986083984375,144.40343475341797,158.08305892944335,Overextension risk,13,Cooldown
1759092539.64026,left,137.38539123535156,144.40343475341797,158.08305892944335,Overextension risk,13,Cooldown
1759092539.672213,left,134.87533569335938,144.40343475341797,158.08305892944335,Overextension risk,13,Cooldown
1759092539.705264,left,138.72958374023438,144.40343475341797,158.08305892944335,Overextension risk,13,Cooldown
1759092539.739841,left,141.64149475097656,144.40343475341797,158.08305892944335,Overextension risk,13,Cooldown
1759092539.803879,left,150.3034210205078,144.5569610595703,158.08305892944335,Overextension risk,13,Cooldown
1759092539.838801,left,153.48033142089844,144.84397888183594,158.08305892944335,Overextension risk,13,Cooldown
1759092539.8720808,left,154.61886596679688,145.01586151123047,158.08305892944335,Overextension risk,13,Cooldown
1759092539.906602,left,156.03684997558594,145.02479553222656,158.08305892944335,Overextension risk,13,Cooldown
1759092539.970848,left,153.52378845214844,145.08079528808594,158.08305892944335,Overextension risk,13,Cooldown
1759092540.006322,left,150.2598114013672,145.2876968383789,158.08305892944335,Overextension risk,13,Cooldown
1759092540.070967,left,140.43736267089844,145.08079528808594,158.08305892944335,Overextension risk,13,Cooldown
1759092540.102684,left,105.40921783447266,145.02479553222656,158.08305892944335,Overextension risk,13,Cooldown
1759092540.137158,left,102.86048126220703,145.01586151123047,158.08305892944335,Overextension risk,13,Cooldown
1759092540.173068,left,102.94749450683594,144.84397888183594,158.08305892944335,Overextension risk,13,Cooldown
1759092540.209406,left,102.9813003540039,144.5569610595703,158.08305892944335,Overextension risk,13,Cooldown
1759092540.269417,left,102.35130310058594,144.40343475341797,158.08305892944335,Overextension risk,13,Cooldown
1759092540.30631,left,100.58778381347656,144.26337432861328,158.08305892944335,Overextension risk,13,Cooldown
1759092540.339185,left,103.10997009277344,144.1373291015625,158.08305892944335,Overextension risk,13,Cooldown
1759092540.4059289,left,106.91522979736328,144.08270263671875,158.08305892944335,Overextension risk,13,Cooldown
1759092540.436318,left,108.09059143066406,144.02257537841797,158.08305892944335,Overextension risk,13,Cooldown
1759092540.472028,left,138.5418701171875,143.9900360107422,158.08305892944335,Overextension risk,13,Cooldown
1759092540.506046,left,141.93121337890625,143.71739959716797,158.08305892944335,Overextension risk,13,Cooldown
1759092540.571307,left,140.7529754638672,143.25702667236328,158.08305892944335,Overextension risk,13,Cooldown
1759092540.605537,left,148.07177734375,143.25702667236328,157.92403717041014,Overextension risk,13,Cooldown
1759092540.638135,left,148.51266479492188,143.25702667236328,157.92403717041014,Overextension risk,13,Cooldown
1759092540.669299,left,148.85891723632812,143.25702667236328,157.92403717041014,Overextension risk,13,Cooldown
1759092540.7054741,left,144.3280029296875,143.71739959716797,157.92403717041014,Overextension risk,13,Cooldown
1759092540.7400472,left,138.63607788085938,143.71739959716797,157.92403717041014,Overextension risk,13,Cooldown
1759092540.776803,left,138.8076171875,143.71739959716797,157.92403717041014,Overextension risk,13,Cooldown
1759092540.834526,left,139.77821350097656,143.71739959716797,157.92403717041014,Overextension risk,13,Cooldown
1759092540.872063,left,139.63717651367188,143.71739959716797,157.92403717041014,Overextension risk,13,Cooldown
1759092540.909072,left,140.8570098876953,143.71739959716797,157.92403717041014,Overextension risk,13,Cooldown
1759092540.9726,left,146.98458862304688,143.71739959716797,157.92403717041014,Overextension risk,13,Cooldown
1759092541.043555,left,152.4354705810547,143.71739959716797,157.92403717041014,Overextension risk,13,Cooldown
1759092541.077277,left,151.530029296875,143.71739959716797,157.92403717041014,Overextension risk,13,Cooldown
1759092541.14024,left,150.8612518310547,143.71739959716797,157.92403717041014,Overextension risk,13,Cooldown
1759092541.215842,left,139.8120880126953,143.25702667236328,157.92403717041014,Overextension risk,13,Cooldown
1759092541.278728,right,160.7803955078125,143.25702667236328,158.08305892944335,Overextension risk,13,Cooldown
1759092541.346194,right,159.30752563476562,143.25702667236328,158.13571472167968,Overextension risk,13,Cooldown
1759092541.41218,right,156.6651611328125,143.25702667236328,158.13571472167968,Overextension risk,13,Cooldown
1759092541.479428,right,157.15496826171875,143.25702667236328,158.08305892944335,Overextension risk,13,Cooldown
1759092541.577912,left,113.8311538696289,143.06047821044922,158.08305892944335,Overextension risk,13,Cooldown
1759092541.6480908,left,128.10366821289062,142.99199676513672,158.08305892944335,Overextension risk,13,Cooldown
1759092541.7132978,left,141.68138122558594,142.60318756103516,158.08305892944335,Overextension risk,13,Cooldown
1759092541.779084,left,146.51292419433594,142.99199676513672,158.08305892944335,Overextension risk,13,Cooldown
1759092541.846947,left,140.00645446777344,142.99199676513672,158.08305892944335,Overextension risk,13,Cooldown
1759092541.913429,left,144.44252014160156,143.06047821044922,158.08305892944335,Overextension risk,13,Cooldown
1759092541.977504,left,143.66311645507812,143.25702667236328,158.08305892944335,Overextension risk,13,Cooldown
1759092542.0463161,left,148.39234924316406,143.5561752319336,158.08305892944335,Overextension risk,13,Cooldown
1759092542.115468,left,148.13995361328125,143.5561752319336,158.08305892944335,Overextension risk,13,Cooldown
1759092542.176859,left,142.38885498046875,143.25702667236328,158.08305892944335,Overextension risk,13,Cooldown
1759092542.2428238,left,118.19526672363281,143.06047821044922,158.08305892944335,Overextension risk,13,Cooldown
1759092542.313534,left,100.00524139404297,142.99199676513672,158.08305892944335,Overextension risk,13,Cooldown
1759092542.378783,left,95.9025650024414,142.65835571289062,158.08305892944335,Overextension risk,14,Cooldown
1759092542.447973,left,99.25770568847656,142.65835571289062,158.08305892944335,Overextension risk,14,Cooldown
1759092542.513769,left,108.68273162841797,142.65835571289062,158.08305892944335,Overextension risk,14,Cooldown
1759092542.576224,left,114.16492462158203,142.65835571289062,158.08305892944335,Overextension risk,14,Cooldown
1759092542.644033,left,147.56387329101562,142.65835571289062,158.08305892944335,Overextension risk,14,Cooldown
1759092542.714292,left,142.59762573242188,142.4932403564453,158.08305892944335,Overextension risk,14,Cooldown
1759092542.779362,left,146.27090454101562,142.4932403564453,158.08305892944335,Overextension risk,14,Cooldown
1759092542.8440058,left,132.33660888671875,142.33368682861328,157.92403717041014,Overextension risk,14,Cooldown
1759092542.913113,left,136.2139892578125,142.10486602783203,157.92403717041014,Overextension risk,14,Cooldown
1759092542.977437,left,137.87152099609375,141.88943481445312,157.92403717041014,Overextension risk,14,Cooldown
1759092543.0473118,left,140.85096740722656,141.88943481445312,157.92403717041014,Overextension risk,14,Cooldown
1759092543.114861,left,148.16754150390625,142.10486602783203,157.92403717041014,Overextension risk,14,Cooldown
1759092543.1803598,left,146.82859802246094,142.33368682861328,157.92403717041014,Overextension risk,14,Cooldown
1759092543.248045,left,126.35521697998047,142.33368682861328,157.92403717041014,Overextension risk,14,Cooldown
1759092543.3123,left,112.50541687011719,142.33368682861328,157.92403717041014,Overextension risk,14,Cooldown
1759092543.382019,left,99.52498626708984,142.33368682861328,157.92403717041014,Overextension risk,15,Cooldown
1759092543.44622,left,99.94966125488281,142.33368682861328,157.92403717041014,Overextension risk,15,Cooldown
1759092543.5152562,left,100.92283630371094,142.33368682861328,157.92403717041014,Overextension risk,15,Cooldown
1759092543.572834,left,103.8427734375,142.33368682861328,157.92403717041014,Overextension risk,15,Cooldown
1759092543.6100821,left,134.53785705566406,142.33368682861328,157.92403717041014,Overextension risk,15,Cooldown
1759092543.677391,left,140.6099090576172,142.33368682861328,157.92403717041014,Overextension risk,15,Cooldown
1759092543.712897,left,142.61203002929688,142.4932403564453,157.92403717041014,Overextension risk,15,Cooldown
1759092543.7773418,left,144.2185821533203,142.60482788085938,157.92403717041014,Overextension risk,15,Cooldown
1759092543.847669,left,145.0270538330078,142.7699432373047,157.92403717041014,Overextension risk,15,Cooldown
1759092543.9123452,left,139.95626831054688,142.60482788085938,157.92403717041014,Overextension risk,15,Cooldown
1759092543.98351,left,141.551025390625,142.4932403564453,157.92403717041014,Overextension risk,15,Cooldown
1759092544.044694,left,141.97145080566406,142.33368682861328,157.92403717041014,Overextension risk,15,Cooldown
1759092544.106397,left,146.1615753173828,142.33368682861328,157.92403717041014,Overextension risk,15,Cooldown
1759092544.177674,left,150.48362731933594,142.33368682861328,157.92403717041014,Overextension risk,15,Cooldown
1759092544.24753,left,150.23226928710938,142.33368682861328,157.92403717041014,Overextension risk,15,Cooldown
1759092544.312824,left,144.0876007080078,142.33368682861328,157.92403717041014,Overextension risk,15,Cooldown
1759092544.379636,left,108.35418701171875,142.12498474121094,157.92403717041014,Overextension risk,15,Cooldown
1759092544.444808,left,93.07537841796875,141.95133209228516,157.92403717041014,Overextension risk,16,Cooldown
1759092544.514053,left,91.16825866699219,141.88943481445312,157.92403717041014,Overextension risk,16,Cooldown
1759092544.576434,left,97.55874633789062,141.80918884277344,157.92403717041014,Overextension risk,16,Cooldown
1759092544.6447082,left,122.43475341796875,141.76406860351562,157.92403717041014,Overextension risk,16,Cooldown
1759092544.712762,left,152.1972198486328,141.76406860351562,157.92403717041014,Overextension risk,16,Cooldown
1759092544.780468,left,150.24195861816406,141.80918884277344,157.92403717041014,Overextension risk,16,Cooldown
1759092544.847003,left,145.07884216308594,141.88943481445312,157.92403717041014,Overextension risk,16,Cooldown
1759092544.918666,left,142.90028381347656,141.95133209228516,157.92403717041014,Overextension risk,16,Cooldown
1759092544.97943,left,140.2206573486328,141.95133209228516,157.92403717041014,Overextension risk,16,Cooldown
1759092545.0470111,left,146.29693603515625,142.12498474121094,157.92403717041014,Overextension risk,16,Cooldown
1759092545.1111832,left,150.16690063476562,142.33368682861328,157.92403717041014,Overextension risk,16,Cooldown
1759092545.177758,left,139.0439910888672,142.33368682861328,157.92403717041014,Overextension risk,16,Cooldown
1759092545.2473228,left,133.4224853515625,142.33368682861328,157.92403717041014,Overextension risk,16,Cooldown
1759092545.312086,left,126.30175018310547,142.12498474121094,157.92403717041014,Overextension risk,16,Cooldown
1759092545.378264,left,102.32105255126953,141.95133209228516,157.92403717041014,Overextension risk,16,Cooldown
1759092545.443725,left,97.44549560546875,141.88943481445312,157.92403717041014,Overextension risk,17,Cooldown
1759092545.515035,left,97.32185363769531,141.80918884277344,157.92403717041014,Overextension risk,17,Cooldown
1759092545.575607,left,99.23048400878906,141.80918884277344,157.92403717041014,Overextension risk,17,Cooldown
1759092545.6125178,left,107.76077270507812,141.80918884277344,157.92403717041014,Overextension risk,17,Cooldown
1759092545.679231,left,140.12747192382812,141.76406860351562,157.92403717041014,Overextension risk,17,Cooldown
1759092545.742889,left,148.80772399902344,141.76406860351562,157.92403717041014,Overextension risk,17,Cooldown
1759092545.777212,left,148.8839569091797,141.76406860351562,157.92403717041014,Overextension risk,17,Cooldown
1759092545.80958,left,148.8916778564453,141.76406860351562,157.77104644775392,Overextension risk,17,Cooldown
1759092545.877407,left,135.19117736816406,141.71939849853516,157.6769889831543,Overextension risk,17,Cooldown
1759092545.944732,left,138.0589599609375,141.66143798828125,157.6769889831543,Overextension risk,17,Cooldown
1759092545.978754,left,141.74050903320312,141.66143798828125,157.6769889831543,Overextension risk,17,Cooldown
1759092546.0443342,left,140.01597595214844,141.66143798828125,157.6769889831543,Overextension risk,17,Cooldown
1759092546.07814,left,145.1237030029297,141.71094512939453,157.6769889831543,Overextension risk,17,Cooldown
1759092546.142976,left,148.163330078125,141.74896240234375,157.6769889831543,Overextension risk,17,Cooldown
1759092546.178988,left,151.1527557373047,141.76406860351562,157.6769889831543,Overextension risk,17,Cooldown
1759092546.243724,left,148.5111541748047,141.80918884277344,157.6769889831543,Overextension risk,17,Cooldown
1759092546.3146272,left,140.72393798828125,141.80918884277344,157.6769889831543,Overextension risk,17,Cooldown
1759092546.378263,left,115.5931167602539,141.80918884277344,157.6769889831543,Overextension risk,17,Cooldown
1759092546.4473128,left,97.74027252197266,141.80918884277344,157.6769889831543,Overextension risk,18,Cooldown
1759092546.5166368,left,93.67633056640625,141.80918884277344,157.6769889831543,Overextension risk,18,Cooldown
1759092546.576718,left,97.19145202636719,141.80918884277344,157.6769889831543,Overextension risk,18,Cooldown
1759092546.6440802,left,136.57017517089844,141.76406860351562,157.6769889831543,Overextension risk,18,Cooldown
1759092546.678097,left,145.76724243164062,141.76406860351562,157.6769889831543,Overextension risk,18,Cooldown
1759092546.742914,left,149.65115356445312,141.76406860351562,157.6769889831543,Overextension risk,18,Cooldown
1759092546.814204,left,146.5056915283203,141.76406860351562,157.6769889831543,Overextension risk,18,Cooldown
1759092546.881309,left,139.93557739257812,141.74896240234375,157.6769889831543,Overextension risk,18,Cooldown
1759092546.9431732,left,133.6826171875,141.71094512939453,157.6769889831543,Overextension risk,18,Cooldown
1759092546.976866,left,138.73109436035156,141.66143798828125,157.6769889831543,Overextension risk,18,Cooldown
1759092547.009548,left,141.43704223632812,141.59626007080078,157.6769889831543,Overextension risk,18,Cooldown
1759092547.077316,left,147.74493408203125,141.59626007080078,157.6769889831543,Overextension risk,18,Cooldown
1759092547.1421309,left,156.73663330078125,141.59626007080078,157.6769889831543,Overextension risk,18,Cooldown
1759092547.1772401,left,158.7215118408203,141.59626007080078,157.77104644775392,Overextension risk,18,Cooldown
1759092547.244162,left,146.47901916503906,141.66143798828125,157.77104644775392,Overextension risk,18,Cooldown
1759092547.312712,left,128.0840301513672,141.66143798828125,157.77104644775392,Overextension risk,18,Cooldown
1759092547.380683,left,104.21988677978516,141.66143798828125,157.77104644775392,Overextension risk,18,Cooldown
1759092547.446848,left,94.82162475585938,141.66143798828125,157.77104644775392,Overextension risk,19,Cooldown
1759092547.5107598,left,104.12873077392578,141.66143798828125,157.77104644775392,Overextension risk,19,Cooldown
1759092547.5755289,left,104.67950439453125,141.66143798828125,157.77104644775392,Overextension risk,19,Cooldown
1759092547.640758,left,135.99334716796875,141.66143798828125,157.77104644775392,Overextension risk,19,Cooldown
1759092547.6746829,left,138.56280517578125,141.59626007080078,157.77104644775392,Overextension risk,19,Cooldown
1759092547.709259,left,147.25616455078125,141.66143798828125,157.77104644775392,Overextension risk,19,Cooldown
1759092547.740151,left,144.2718048095703,141.71094512939453,157.77104644775392,Overextension risk,19,Cooldown
1759092547.776451,left,146.98458862304688,141.755615234375,157.77104644775392,Overextension risk,19,Cooldown
1759092547.842724,left,141.08416748046875,141.755615234375,157.77104644775392,Overextension risk,19,Cooldown
1759092547.875345,left,144.3886260986328,141.755615234375,157.77104644775392,Overextension risk,19,Cooldown
1759092547.908572,left,145.50389099121094,141.755615234375,157.77104644775392,Overextension risk,19,Cooldown
1759092547.94091,left,143.96205139160156,141.755615234375,157.77104644775392,Overextension risk,19,Cooldown
1759092547.973825,left,146.47970581054688,141.755615234375,157.77104644775392,Overextension risk,19,Cooldown
1759092548.0077682,left,147.57821655273438,141.80918884277344,157.77104644775392,Overextension risk,19,Cooldown
1759092548.043064,left,152.23141479492188,141.88943481445312,157.77104644775392,Overextension risk,19,Cooldown
1759092548.07674,left,151.43714904785156,141.95133209228516,157.77104644775392,Overextension risk,19,Cooldown
1759092548.141197,left,144.6887664794922,142.12498474121094,157.77104644775392,Overextension risk,19,Cooldown
1759092548.208411,left,134.68820190429688,142.12498474121094,157.77104644775392,Overextension risk,19,Cooldown
1759092548.243891,left,123.43159484863281,142.12498474121094,157.77104644775392,Overextension risk,19,Cooldown
1759092548.31113,left,98.52481842041016,141.95133209228516,157.77104644775392,Overextension risk,20,Cooldown
1759092548.379456,left,96.78195190429688,141.88943481445312,157.77104644775392,Overextension risk,20,Cooldown
1759092548.446569,left,110.904052734375,141.80918884277344,157.77104644775392,Overextension risk,20,Cooldown
1759092548.510928,left,118.60528564453125,141.80918884277344,157.77104644775392,Overextension risk,20,Cooldown
1759092548.57706,left,126.61100769042969,141.80918884277344,157.77104644775392,Overextension risk,20,Cooldown
1759092548.611665,left,144.33120727539062,141.88943481445312,157.77104644775392,Overextension risk,20,Cooldown
1759092548.677679,left,151.73297119140625,141.88943481445312,157.77104644775392,Overextension risk,20,Cooldown
1759092548.746185,left,131.27825927734375,141.79408264160156,157.77104644775392,Overextension risk,20,Cooldown
1759092548.8125849,left,142.14410400390625,141.79408264160156,157.77104644775392,Overextension risk,20,Cooldown
1759092548.8802738,left,145.84365844726562,141.88943481445312,157.77104644775392,Overextension risk,20,Cooldown
1759092548.947065,left,144.9244842529297,141.95133209228516,157.77104644775392,Overextension risk,20,Cooldown
1759092549.011963,left,144.59439086914062,142.05777740478516,157.77104644775392,Overextension risk,20,Cooldown
1759092549.080422,left,136.44979858398438,142.05777740478516,157.77104644775392,Overextension risk,20,Cooldown
1759092549.147991,left,129.88414001464844,142.05777740478516,157.77104644775392,Overextension risk,20,Cooldown
1759092549.211595,left,132.19850158691406,141.95133209228516,157.77104644775392,Overextension risk,20,Cooldown
1759092549.279205,left,100.2955322265625,141.88943481445312,157.6769889831543,Overextension risk,20,Cooldown
1759092549.347104,left,97.6339111328125,141.79408264160156,157.6769889831543,Overextension risk,21,Cooldown
1759092549.4107342,left,102.61280059814453,141.71094512939453,157.6769889831543,Overextension risk,21,Cooldown
1759092549.4789739,left,110.5787124633789,141.66143798828125,157.6769889831543,Overextension risk,21,Cooldown
1759092549.578568,left,116.28776550292969,141.59626007080078,157.6769889831543,Overextension risk,21,Cooldown
1759092549.6454332,left,149.4285125732422,141.59626007080078,157.6769889831543,Overextension risk,21,Cooldown
1759092549.7084851,left,142.5486602783203,141.59626007080078,157.6769889831543,Overextension risk,21,Cooldown
1759092549.779339,left,133.40264892578125,141.49403381347656,157.6769889831543,Overextension risk,21,Cooldown
1759092549.846692,left,133.90431213378906,141.38150787353516,157.6769889831543,Overextension risk,21,Cooldown
1759092549.9114418,left,139.446533203125,141.20507049560547,157.6769889831543,Overextension risk,21,Cooldown
1759092549.979481,left,143.40077209472656,141.38150787353516,157.6769889831543,Overextension risk,21,Cooldown
1759092550.052497,left,146.90057373046875,141.49403381347656,157.6769889831543,Overextension risk,21,Cooldown
1759092550.1094,left,150.60426330566406,141.59626007080078,157.6769889831543,Overextension risk,21,Cooldown
1759092550.144062,left,153.18406677246094,141.66143798828125,157.6769889831543,Overextension risk,21,Cooldown
1759092550.2113569,left,153.53443908691406,141.71094512939453,157.6769889831543,Overextension risk,21,Cooldown
1759092550.278775,left,147.39120483398438,141.79408264160156,157.6769889831543,Overextension risk,21,Cooldown
1759092550.3463738,left,107.37523651123047,141.79408264160156,157.6769889831543,Overextension risk,21,Cooldown
1759092550.413749,left,97.72373962402344,141.79408264160156,157.6769889831543,Overextension risk,22,Cooldown
1759092550.481644,left,97.9989242553711,141.79408264160156,157.6769889831543,Overextension risk,22,Cooldown
1759092550.5802681,left,99.62373352050781,141.79408264160156,157.6769889831543,Overextension risk,22,Cooldown
1759092550.6467462,left,106.52688598632812,141.71094512939453,157.6769889831543,Overextension risk,22,Cooldown
1759092550.711352,left,140.87271118164062,141.66143798828125,157.6769889831543,Overextension risk,22,Cooldown
1759092550.7831,left,142.8415069580078,141.66143798828125,157.6769889831543,Overextension risk,22,Cooldown
1759092550.8454778,left,150.4662322998047,141.66143798828125,157.6769889831543,Overextension risk,22,Cooldown
1759092550.910916,left,150.3418731689453,141.66143798828125,157.6769889831543,Overextension risk,22,Cooldown
1759092550.981316,left,144.87042236328125,141.66143798828125,157.6769889831543,Overextension risk,22,Cooldown
1759092551.04542,left,142.19369506835938,141.66143798828125,157.18084182739258,Overextension risk,22,Cooldown
1759092551.11159,left,141.2404327392578,141.59626007080078,157.18084182739258,Overextension risk,22,Cooldown
1759092551.1770618,left,143.62367248535156,141.59626007080078,157.18084182739258,Overextension risk,22,Cooldown
1759092551.246314,left,149.15589904785156,141.66143798828125,157.18084182739258,Overextension risk,22,Cooldown
1759092551.3136692,left,151.84808349609375,141.71094512939453,157.18084182739258,Overextension risk,22,Cooldown
1759092551.376616,left,150.76295471191406,141.79408264160156,157.18084182739258,Overextension risk,22,Cooldown
1759092551.44722,left,156.2308349609375,141.88943481445312,157.18084182739258,Overextension risk,22,Cooldown
1759092551.511533,left,128.2309112548828,141.88943481445312,157.18084182739258,Overextension risk,22,Cooldown
1759092551.575197,left,130.4267120361328,141.88943481445312,157.18084182739258,Overextension risk,22,Cooldown
1759092551.611016,left,107.12100219726562,141.88943481445312,157.18084182739258,Overextension risk,22,Cooldown
1759092551.68143,left,102.26001739501953,141.79408264160156,157.18084182739258,Overextension risk,22,Cooldown
1759092551.747172,left,101.66302490234375,141.71094512939453,157.18084182739258,Overextension risk,22,Cooldown
1759092551.8131719,left,107.86141967773438,141.66143798828125,157.18084182739258,Overextension risk,22,Cooldown
1759092551.8777988,left,117.86253356933594,141.59626007080078,157.18084182739258,Overextension risk,22,Cooldown
1759092551.947437,left,129.5394287109375,141.49403381347656,157.18084182739258,Overextension risk,22,Cooldown
1759092552.013254,left,149.28729248046875,141.49403381347656,157.18084182739258,Overextension risk,22,Cooldown
1759092552.078729,left,145.45274353027344,141.49403381347656,157.18084182739258,Overextension risk,22,Cooldown
1759092552.148903,left,146.1756134033203,141.49403381347656,157.18084182739258,Overextension risk,22,Cooldown
1759092552.2133272,left,130.91661071777344,141.33873748779297,157.18084182739258,Overextension risk,22,Cooldown
1759092552.279274,left,132.04840087890625,141.16230010986328,157.18084182739258,Overextension risk,22,Cooldown
1759092552.350635,left,140.59776306152344,141.16230010986328,157.18084182739258,Overextension risk,22,Cooldown
1759092552.410859,left,141.4949188232422,141.33873748779297,157.18084182739258,Overextension risk,22,Cooldown
1759092552.482504,left,152.62936401367188,141.46598052978516,157.18084182739258,Overextension risk,22,Cooldown
1759092552.580964,left,157.453369140625,141.5229721069336,157.4643226623535,Overextension risk,22,Cooldown
1759092552.6471932,left,138.49679565429688,141.5229721069336,157.4643226623535,Overextension risk,22,Cooldown
1759092552.7176452,left,117.73242950439453,141.5229721069336,157.4643226623535,Overextension risk,22,Cooldown
1759092552.7791932,left,106.22905731201172,141.5229721069336,157.4643226623535,Overextension risk,22,Cooldown
1759092552.847679,left,103.42437744140625,141.5229721069336,157.4643226623535,Overextension risk,22,Cooldown
1759092552.9144828,left,99.91741180419922,141.5229721069336,157.4643226623535,Overextension risk,23,Cooldown
1759092552.978625,left,101.64097595214844,141.46598052978516,157.4643226623535,Overextension risk,23,Cooldown
1759092553.047183,left,122.00487518310547,141.46598052978516,157.4643226623535,Overextension risk,23,Cooldown
1759092553.1116228,left,148.3377227783203,141.46598052978516,157.4643226623535,Overextension risk,23,Cooldown
1759092553.17885,left,150.9743194580078,141.46598052978516,157.4643226623535,Overextension risk,23,Cooldown
1759092553.2441049,left,140.40943908691406,141.33873748779297,157.4643226623535,Overextension risk,23,Cooldown
1759092553.3135731,left,124.07007598876953,141.16230010986328,157.4643226623535,Overextension risk,23,Cooldown
1759092553.37777,left,134.02157592773438,140.9784393310547,157.4643226623535,Overextension risk,23,Cooldown
1759092553.446684,left,138.74644470214844,140.86486053466797,157.4643226623535,Overextension risk,23,Cooldown
1759092553.512539,left,144.05616760253906,140.9784393310547,157.4643226623535,Overextension risk,23,Cooldown
1759092553.5784209,left,147.1566925048828,141.16230010986328,157.4643226623535,Overextension risk,23,Cooldown
1759092553.645702,left,157.39064025878906,141.33873748779297,157.4643226623535,Overextension risk,23,Cooldown
1759092553.7118678,left,165.33782958984375,141.46598052978516,157.6846076965332,Overextension risk,23,Cooldown
1759092553.7754948,left,142.47900390625,141.5229721069336,157.6846076965332,Overextension risk,23,Cooldown
1759092553.8100538,left,127.39833068847656,141.46598052978516,157.6846076965332,Overextension risk,23,Cooldown
1759092553.872544,left,102.64830017089844,141.33873748779297,157.4643226623535,Overextension risk,23,Cooldown
1759092553.908175,left,93.62801361083984,141.16230010986328,157.4643226623535,Overextension risk,24,Cooldown
1759092553.941149,left,97.94803619384766,140.9784393310547,157.4643226623535,Overextension risk,24,Cooldown
1759092553.974464,left,99.78787231445312,140.9784393310547,157.4643226623535,Overextension risk,24,Cooldown
1759092554.0080929,left,104.05532836914062,140.9784393310547,157.4643226623535,Overextension risk,24,Cooldown
1759092554.044669,left,107.926025390625,140.86486053466797,157.4643226623535,Overextension risk,24,Cooldown
1759092554.110965,left,125.59170532226562,140.85398864746094,157.4643226623535,Overextension risk,24,Cooldown
1759092554.175213,left,143.11483764648438,140.85398864746094,157.4643226623535,Overextension risk,24,Cooldown
1759092554.2084548,left,151.0480499267578,140.85398864746094,157.4643226623535,Overextension risk,24,Cooldown
1759092554.27543,left,148.44862365722656,140.86486053466797,157.4643226623535,Overextension risk,24,Cooldown
1759092554.3088372,left,145.17697143554688,140.9784393310547,157.4643226623535,Overextension risk,24,Cooldown
1759092554.341795,left,149.6536102294922,141.16230010986328,157.4643226623535,Overextension risk,24,Cooldown
1759092554.374135,left,149.27565002441406,141.33873748779297,157.4643226623535,Overextension risk,24,Cooldown
1759092554.409882,left,146.06056213378906,141.46598052978516,157.4643226623535,Overextension risk,24,Cooldown
1759092554.441008,left,143.81353759765625,141.5229721069336,157.4643226623535,Overextension risk,24,Cooldown
1759092554.47421,left,141.4547882080078,141.474853515625,157.4643226623535,Overextension risk,24,Cooldown
1759092554.507458,left,142.66375732421875,141.474853515625,157.4643226623535,Overextension risk,24,Cooldown
1759092554.5734038,left,139.75608825683594,141.44591522216797,157.4643226623535,Overextension risk,24,Cooldown
1759092554.605539,left,142.78623962402344,141.44591522216797,157.4643226623535,Overextension risk,24,Cooldown
1759092554.64169,left,146.53079223632812,141.44591522216797,157.4643226623535,Overextension risk,24,Cooldown
1759092554.6744902,left,152.42225646972656,141.44591522216797,157.4643226623535,Overextension risk,24,Cooldown
1759092554.709741,left,154.001953125,141.44591522216797,157.4643226623535,Overextension risk,24,Cooldown
1759092554.741078,left,148.5382080078125,141.44591522216797,157.4643226623535,Overextension risk,24,Cooldown
1759092554.777032,left,147.4048309326172,141.44591522216797,157.4643226623535,Overextension risk,24,Cooldown
1759092554.844157,left,126.3266372680664,141.44591522216797,157.4643226623535,Overextension risk,24,Cooldown
1759092554.911223,left,113.86200714111328,141.44591522216797,157.4643226623535,Overextension risk,24,Cooldown
1759092554.944672,left,100.8681640625,141.44591522216797,157.4643226623535,Overextension risk,24,Cooldown
1759092555.0101361,left,106.11881256103516,141.44591522216797,157.4643226623535,Overextension risk,24,Cooldown
1759092555.079057,left,105.20518493652344,141.44591522216797,157.4643226623535,Overextension risk,24,Cooldown
1759092555.14911,left,125.47405242919922,141.44591522216797,157.4643226623535,Overextension risk,24,Cooldown
1759092555.2139761,left,140.90660095214844,141.44591522216797,157.4643226623535,Overextension risk,24,Cooldown
1759092555.278535,left,157.5659942626953,141.44591522216797,157.57131652832032,Overextension risk,24,Cooldown
1759092555.312683,left,156.01007080078125,141.44591522216797,157.57131652832032,Overextension risk,24,Cooldown
1759092555.376127,left,150.97071838378906,141.474853515625,157.57131652832032,Overextension risk,24,Cooldown
1759092555.409771,left,143.34756469726562,141.5229721069336,157.57131652832032,Overextension risk,24,Cooldown
1759092555.442452,left,142.5420379638672,141.59626007080078,157.57131652832032,Overextension risk,24,Cooldown
1759092555.473779,left,145.4750518798828,141.66143798828125,157.57131652832032,Overextension risk,24,Cooldown
1759092555.5085819,left,147.02426147460938,141.66143798828125,157.57131652832032,Overextension risk,24,Cooldown
1759092555.5738292,left,147.61314392089844,141.66143798828125,157.57131652832032,Overextension risk,24,Cooldown
1759092555.609793,left,151.85586547851562,141.66143798828125,157.57131652832032,Overextension risk,24,Cooldown
1759092555.641875,left,155.3135986328125,141.66143798828125,157.57131652832032,Overextension risk,24,Cooldown
1759092555.676497,left,149.12171936035156,141.66143798828125,157.57131652832032,Overextension risk,24,Cooldown
1759092555.708361,left,145.96632385253906,141.66143798828125,157.57131652832032,Overextension risk,24,Cooldown
1759092555.741472,left,130.8818817138672,141.66143798828125,157.57131652832032,Overextension risk,24,Cooldown
1759092555.774383,left,131.78781127929688,141.59626007080078,157.45900039672853,Overextension risk,24,Cooldown
1759092555.8092768,left,128.2974395751953,141.5229721069336,157.39377670288087,Overextension risk,24,Cooldown
1759092555.840789,left,114.94622039794922,141.474853515625,157.16675186157227,Overextension risk,24,Cooldown
1759092555.8744671,left,106.67410278320312,141.44591522216797,156.89739151000978,Overextension risk,24,Cooldown
1759092555.908596,left,100.65963745117188,141.33873748779297,156.74399337768554,Overextension risk,24,Cooldown
1759092555.94051,left,100.28655242919922,141.16230010986328,156.74399337768554,Overextension risk,24,Cooldown
1759092555.973493,left,102.53238677978516,140.9953842163086,156.66873474121093,Overextension risk,24,Cooldown
1759092556.007042,left,104.99768829345703,140.88965606689453,156.25255126953127,Overextension risk,24,Cooldown
1759092556.04114,left,102.38658905029297,140.86486053466797,156.04654922485352,Overextension risk,24,Cooldown
